1908 3256
728 323 844 348 Μυκη
878 324 1029 349 ramus
1538 320 1586 354 25

95 416 326 468 telligentes
351 415 459 466 quod
493 413 586 464 equi
615 426 754 451 eorum
785 414 1054 461 corruissent,
1089 416 1287 466 indignati
1321 426 1415 454 sunt
1449 418 1579 455 valde.

99 482 219 534 Fugit
233 490 364 519 autem
399 480 691 518 Ermensredus
715 493 803 517 cum
820 479 1014 531 Toringis
1047 495 1174 532 usque
1211 482 1486 520 Onestrudem
1510 484 1584 520 ssu-

96 547 218 585 vium.
245 547 331 584 Illic
353 559 441 584 eum
472 545 815 597 persequentibus
846 545 1014 583 Francis
1043 555 1080 584 et
1113 548 1167 583 ibi
1207 548 1405 598 reparatis
1426 548 1582 586 viribus

98 621 238 651 contra
260 611 455 657 Francos,
476 618 584 649 tanta
603 612 722 649 cedes
746 611 800 648 ibi
821 611 894 648 fuit
915 612 962 648 de
982 611 1176 664 Toringis
1200 622 1240 650 ut
1259 614 1346 664 ipse
1372 614 1517 651 ssuvius
1538 628 1584 651 ex

97 692 236 717 eorum
257 677 522 715 cadaveribus
553 677 797 729 repleretur,
831 685 869 714 et
892 676 1035 715 Franci
1060 691 1183 729 super
1205 692 1274 715 eos
1293 687 1482 730 tanquam
1515 693 1584 717 su-

96 757 171 796 per
187 743 369 796 pontemi
392 743 627 781 transirent.
650 742 873 794 Totamque
893 743 1100 794 regionem
1118 744 1223 781 illam
1244 753 1447 782 vastantes
1467 753 1584 796 atque

97 810 345 862 captivantes
382 808 696 861 depopulantur.
737 807 1029 846 Ermenfredus
1058 810 1283 861 perfugam
1315 811 1384 847 vix
1428 810 1582 862 lapsus,

97 875 225 913 evasit
245 891 253 921 ;
277 875 422 913 Franci
445 881 576 912 autem
596 887 684 911 cum
701 873 823 911 multa
834 874 961 926 preda
975 882 1012 911 et
1026 875 1169 925 spoliis
1187 875 1342 912 reversi
1359 884 1465 912 sunt.
1487 876 1585 914 Fue-

96 948 190 978 runt
204 939 309 977 enim
328 939 596 977 Ermenfredo
619 939 697 977 duo
719 940 883 977 fratres:
900 938 1119 977 Balducius
1140 948 1177 977 et
1196 939 1468 977 Berteearius.
1491 940 1591 979 Post

95 1006 168 1044 hec
191 1006 338 1043 iterum
355 1005 651 1052 Theodericus,
674 1005 765 1042 data
785 1005 861 1043 fide
885 1004 1169 1052 Ermensredo,
1211 1006 1405 1044 Tulbiaco
1430 1006 1588 1045 civitate

96 1073 145 1110 ad
167 1085 210 1109 se
235 1084 326 1109 eum
357 1071 498 1109 venire
520 1071 628 1118 fecit,
653 1084 824 1122 cumque
847 1084 971 1123 super
992 1085 1149 1109 murum
1165 1071 1295 1123 ipsius
1314 1072 1487 1110 civitatis
1504 1073 1588 1111 col-

97 1138 381 1189 loquerentur,
405 1137 641 1189 compulsus
663 1138 712 1176 de
734 1151 848 1175 muro
881 1138 1012 1189 ipsius
1034 1137 1172 1175 urbisj
1197 1138 1350 1175 corruit
1372 1139 1420 1176 ad
1441 1146 1588 1176 terram

97 1211 135 1242 et
151 1211 334 1242 mortuus
358 1212 433 1249 est,
455 1216 633 1255 suosque
655 1203 829 1241 infantes
846 1203 1125 1241 Theodericus
1142 1203 1370 1241 interficere
1389 1205 1585 1255 rogavit¹.

153 1271 216 1308 29.
240 1293 291 1297 ——
315 1267 605 1307 Childebertus
628 1282 790 1320 quoque
816 1283 905 1307 cum
928 1277 1035 1307 esset
1057 1268 1256 1306 Arvernis
1280 1269 1456 1314 civitate,
1481 1270 1589 1307 misit

102 1348 222 1374 soror
249 1333 351 1386 ejus,
394 1347 497 1372 uxor
536 1334 746 1380 Amalrici,
780 1335 891 1387 regis
915 1333 1156 1381 Gothorum,
1191 1347 1419 1386 nomenque
1456 1335 1589 1386 puelle

101 1400 335 1438 Crochildis
364 1400 521 1452 regina,
560 1400 732 1438 nuncios
773 1401 820 1438 de
854 1400 1015 1453 Ispania
1036 1402 1084 1439 ad
1120 1414 1209 1438 eum
1228 1400 1258 1447 k,
1281 1401 1420 1439 dicens
1443 1409 1590 1452 quanta

99 1466 200 1504 mala
219 1466 283 1504 vir
305 1465 390 1517 ejus
426 1480 551 1518 super
571 1467 701 1518 ipsam
723 1467 988 1505 insidiaretur
1008 1475 1180 1519 propter
1197 1466 1432 1505 catholicam
1453 1467 1585 1504 fidem.

102 1532 202 1571 Nam
224 1545 312 1570 cum
350 1533 398 1570 ad
424 1532 636 1570 ecclesiam
661 1531 816 1571 Christi
838 1533 915 1570 iret
937 1533 1161 1571 orationem
1185 1534 1329 1579 facere,
1355 1540 1536 1570 stercora
1553 1541 1590 1570 et

98 1598 246 1636 multos
270 1599 420 1636 fetores
443 1598 532 1650 ipse
554 1612 679 1650 super
701 1612 786 1636 eam
816 1599 1055 1650 proiciebat,
1092 1607 1210 1650 atque
1251 1612 1335 1637 eam
1374 1599 1415 1636 in
1437 1607 1588 1637 tantum

97 1664 340 1702 verberabat
362 1672 404 1701 ut
427 1665 667 1716 sanguinem
683 1664 723 1701 in
744 1665 858 1702 litum
872 1665 1078 1703 sudarium
1096 1678 1211 1702 suum
1226 1665 1337 1703 fratri
1360 1678 1432 1703 suo
1454 1673 1588 1702 trans-

100 1729 277 1767 mitteret
298 1729 439 1767 dicens
466 1744 473 1766 ε
501 1745 518 1764 ι(
541 1728 830 1780 Indignamini,
853 1730 1080 1768 dulcissimi
1098 1731 1258 1777 fratres,
1274 1730 1452 1768 laborem
1469 1738 1507 1767 et
1524 1730 1588 1767 in-

101 1811 118 1830 «
136 1794 286 1847 juriam
305 1807 448 1842 meam,
473 1795 611 1833 domni
628 1795 867 1833 carissimi¹.
893 1811 909 1830 ³>
937 1796 1038 1834 Cum
1055 1796 1128 1834 hec
1141 1796 1321 1834 audisset
1345 1796 1588 1834 Childeber-

96 1869 176 1907 tus,
201 1861 242 1898 in
263 1861 324 1899 ira
344 1874 489 1913 magna
511 1870 752 1907 commotus,
775 1861 932 1900 hostem
953 1862 1167 1900 maximum
1181 1863 1362 1914 collegit,
1378 1863 1418 1900 in
1436 1862 1587 1914 Hispa-

98 1927 205 1965 niam
225 1927 378 1979 pergit,
414 1941 592 1980 pugnam
631 1941 720 1966 cum
746 1927 952 1966 Amalrico
971 1929 1073 1966 iniit.
1109 1929 1254 1967 Gothis
1278 1929 1392 1967 valde
1415 1929 1585 1975 collisis,

98 1991 328 2030 Amalricus
344 1993 478 2044 fugam
500 1993 637 2040 vertit,
653 2006 776 2031 naves
791 2002 906 2045 parat
927 1995 976 2031 ad
990 1994 1239 2046 fugiendum.
1262 1994 1444 2045 Cumque
1466 1994 1587 2031 attin-

99 2071 196 2110 gere
220 2066 438 2096 conaretur
456 2060 504 2097 ad
521 2058 632 2111 ipsas
652 2072 791 2106 naveS,
812 2068 1053 2111 persecutus
1070 2068 1131 2097 est
1149 2073 1237 2097 eum
1255 2060 1455 2097 exercitus
1473 2059 1588 2097 Chil-

98 2123 271 2162 deberti.
296 2123 350 2161 At
373 2123 440 2161 ille
467 2124 618 2162 victum
646 2138 688 2162 se
711 2138 899 2172 cernens,
932 2126 981 2163 ad
1013 2126 1223 2163 ecclesiam
1263 2125 1586 2163 Christianorum

98 2190 238 2241 fugere
259 2190 487 2236 nitebatur3
513 2190 584 2228 sed
603 2198 817 2242 antequam
833 2192 882 2228 ad
899 2191 1109 2229 introitum
1127 2192 1296 2229 ecclesie
1315 2191 1585 2242 pervenisset,

97 2255 259 2306 quidam
282 2254 462 2293 Francus
479 2255 616 2294 lancea
639 2269 728 2293 eum
749 2256 970 2308 percussit,
995 2265 1261 2308 mortuusque
1284 2265 1344 2294 est
1365 2256 1434 2293 ibi.
1475 2255 1587 2293 Tunc

98 2320 387 2359 Childebertus
429 2321 669 2373 Hispaniam
704 2323 935 2367 devastans,
972 2322 1158 2360 Toletum
1192 2324 1332 2360 urbem
1355 2323 1582 2374 ingressus,

93 2385 308 2424 thesauros
340 2399 509 2438 magnos
536 2386 630 2424 inde
661 2387 842 2433 abstulit,
868 2395 906 2425 et
926 2400 1004 2425 una
1028 2401 1116 2426 cum
1140 2401 1282 2426 sorore
1300 2401 1370 2425 sua
1392 2400 1583 2424 reversus

95 2458 169 2488 est.
192 2451 273 2489 Sed
285 2451 424 2489 nescio
448 2464 528 2502 quo
549 2452 733 2503 periculo
755 2453 1004 2491 imminentis
1027 2454 1224 2505 langoris,
1240 2454 1280 2490 in
1305 2454 1395 2504 ipso
1419 2453 1578 2496 itinere,

133 2575 158 2616 i)
184 2587 246 2617 per
265 2580 404 2617 pontem
427 2578 464 2613 A,
488 2577 526 2613 D,
555 2577 591 2607 E.
614 2595 655 2601 —
683 2577 712 2618 j)
733 2578 846 2619 ipsius
868 2579 966 2610 urbis
1000 2580 1091 2610 deest
1112 2580 1148 2615 E,
1178 2580 1212 2609 F.
1242 2596 1282 2602 --
1310 2579 1342 2617 k)
1358 2578 1400 2608 ad
1423 2577 1578 2608 eumdem

93 2635 128 2671 F,
152 2634 191 2666 G.
213 2635 292 2676 —l)
314 2635 432 2666 domni
452 2635 627 2667 carissimi
647 2636 741 2668 deest
760 2638 797 2675 E,
821 2639 857 2675 F,
880 2639 921 2670 G.

137 2834 171 2864 1.
199 2834 243 2865 Ce
264 2835 328 2866 fait
347 2840 399 2867 est
418 2836 568 2867 inconnu
589 2836 630 2867 de
651 2835 818 2877 Gregoire
836 2836 878 2866 de
899 2835 1022 2865 Tours.
