1908 3256
307 285 330 319 (3
829 293 1015 319 ΑυιῑΜΛιιι
1049 293 1291 318 ennosicox

307 371 597 422 ejeceruntque
624 371 717 407 inde
753 370 906 407 Alanos
946 378 1326 421 1·›ercusseruntque
1365 374 1434 406 eos
1475 370 1516 406 in
1556 382 1626 406 ore
1666 369 1808 421 gladii.

307 437 419 474 Tunc
461 436 680 487 appellavit
704 449 773 472 eos
813 435 1124 472 Valentinianus
1149 435 1373 485 imperator
1397 450 1414 469 ιι
1442 434 1622 471 Francos
1648 449 1664 468 ³>
1690 434 1812 472 attica

309 502 460 553 lingua,
484 501 557 538 hoc
579 510 639 538 est
662 502 785 543 feros,
810 515 831 538 a
853 501 1010 538 duricia
1031 501 1094 537 vel
1119 500 1287 537 audacia
1309 500 1447 537 cordis
1472 513 1627 537 eorum.

360 570 396 603 3.
432 590 483 594 ——
518 566 647 618 Igitur
683 575 776 617 post
810 575 1038 603 transactos
1075 567 1213 602 decem
1248 578 1376 602 annos
1412 565 1524 602 misit
1564 573 1810 602 memoratus

305 633 528 683 imperator
550 641 759 669 exactores
774 637 789 659 Υ
811 646 888 668 una
911 646 999 668 cuin
1016 631 1229 682 primario¹
1248 632 1350 668 duce
1373 632 1422 668 de
1441 631 1627 668 Romano
1650 639 1808 677 senatu,

305 707 345 735 ut
362 699 504 735 darent
520 705 715 734 consueta
731 697 882 734 tributa
898 698 946 733 de
964 696 1116 747 populo
1136 696 1402 733 Francorum.
1424 696 1486 733 Illi
1506 710 1686 747 quoque,
1706 696 1811 734 sicut

304 771 418 799 erant
440 763 627 799 crudeles
651 771 689 799 et
725 762 1011 805 inmanissimi,
1037 761 1211 798 consilio
1234 761 1368 798 inutili
1409 770 1592 812 accepto,
1617 761 1811 800 dixerunt

304 828 352 863 ad
384 827 557 864 invicem
581 842 587 862 ε
617 843 632 861 «
660 826 888 877 Imperator
913 839 1003 862 cum
1029 826 1209 862 exercitu
1226 825 1412 862 Romano
1429 839 1510 863 non
1528 825 1661 876 potuit
1677 825 1809 863 eicere

307 909 322 925 ι(
357 891 512 929 Alanos
536 893 585 929 de
620 892 802 928 latibulis
826 891 1035 942 paludum,
1060 899 1223 942 gentem
1246 891 1391 928 fortem
1414 904 1459 928 ac
1480 890 1676 928 rebellem
1698 906 1707 936 ;
1733 904 1809 928 nos

308 975 321 991 ›<
358 957 464 994 enirn
482 957 549 1008 qui
569 957 851 1008 superavimus
872 970 958 1001 eos,
981 970 1053 993 cur
1073 956 1271 993 solvimus
1293 956 1472 994 tributa?
1495 956 1808 1008 Consurgamus

307 1040 322 1057 «
357 1023 483 1074 igitur
505 1031 646 1059 contra
667 1022 908 1073 primarium
931 1022 1037 1058 hunc
1059 1022 1124 1059 vel
1142 1030 1353 1059 exactores
1373 1022 1491 1068 istos,
1508 1022 1810 1073 percutiamus-

306 1106 320 1121 «
357 1101 435 1138 que
459 1101 545 1131 eos,
568 1096 606 1125 ct
627 1089 857 1124 auferamus
882 1095 1025 1124 cuncta
1052 1100 1130 1137 que
1151 1100 1289 1124 secum
1311 1086 1476 1134 habent,
1502 1095 1541 1125 et
1560 1099 1643 1124 non
1665 1087 1808 1124 demus

306 1170 321 1187 ι(
357 1153 554 1190 Romanis
577 1153 743 1197 tributa,
767 1162 803 1190 et
826 1153 978 1190 erimus
997 1150 1154 1203 jugiter
1175 1153 1310 1190 liberi.
1338 1168 1355 1187 »

356 1217 522 1255 Insidiis
544 1231 642 1254 vero
666 1217 873 1268 apparatis
890 1223 902 1239 Ζ
923 1217 1220 1254 interfecerunt
1243 1231 1330 1255 eos.

361 1286 458 1320 4.—
473 1283 656 1320 Audiens
676 1283 782 1327 heca,
806 1283 1044 1333 imperator,
1063 1282 1103 1319 in
1131 1283 1268 1320 furore
1291 1291 1329 1320 et
1349 1282 1409 1319 ira
1424 1282 1546 1319 nimis
1565 1296 1806 1329 succensus,

300 1349 486 1399 precepit
508 1348 666 1385 hostem
689 1361 946 1385 commovere
964 1347 1245 1385 Romanorum
1265 1356 1303 1385 et
1318 1347 1487 1385 aliarum
1508 1348 1692 1399 gentium
1715 1362 1808 1386 cum

301 1413 529 1460 Aristarco,
550 1413 740 1464 principe
763 1413 922 1459 militie,
947 1413 1272 1464 direxeruntque
1296 1413 1423 1450 aciem
1445 1422 1588 1451 contra
1607 1413 1805 1452 Francos.

303 1479 395 1515 Fuit
419 1488 549 1516 autem
572 1479 627 1515 ibi
651 1487 811 1530 strages
847 1492 992 1530 magna
1010 1480 1059 1516 de
1093 1487 1268 1530 utroque
1290 1478 1461 1529 populo.
1479 1478 1677 1516 Videntes
1700 1479 1809 1516 enim

302 1542 448 1580 Franci
479 1544 590 1594 quod
610 1552 764 1580 tantum
787 1543 1009 1580 exercitum
1043 1543 1249 1580 sustinere
1284 1556 1367 1580 non
1388 1552 1577 1594 possent,
1601 1543 1808 1581 interfecti

298 1621 342 1644 ac
365 1606 473 1644 cesib
507 1609 713 1659 fugerunt,
751 1608 980 1659 ceciditque
1022 1609 1077 1645 ibi
1112 1608 1320 1653 Priamus,
1355 1621 1497 1652 eorum
1536 1609 1804 1646 fortissimus.

300 1672 361 1709 Illi
379 1687 543 1724 quoque
560 1673 720 1724 egressi
736 1687 756 1710 a
774 1673 1000 1711 Sieambria
1017 1683 1220 1711 venerunt
1241 1674 1283 1711 in
1301 1682 1503 1711 extremas
1517 1683 1656 1725 partes
1677 1674 1807 1712 Hreni

299 1738 492 1784 fluminis,
514 1739 555 1776 in
595 1739 904 1777 Germaniarum
939 1740 1122 1791 oppidis,
1156 1740 1323 1791 illicque
1364 1739 1695 1779 inhabitaverunt
1715 1754 1805 1779 cum

297 1816 435 1841 eorum
469 1804 744 1855 principibus,
769 1805 1079 1849 Ma1·cliomire⁰‚
1103 1806 1186 1843 filio
1218 1805 1387 1851 Priami,
1414 1813 1453 1843 et
1485 1805 1698 1853 Sunnone,
1721 1806 1806 1844 filio

298 1868 544 1914 Antenoris;
580 1869 947 1921 habitaveruntque
970 1871 1025 1908 ihi
1047 1871 1164 1908 annis
1200 1871 1353 1909 multis.
1376 1871 1572 1909 Sunnone
1593 1872 1802 1919 defuncto,

298 1944 543 1985 acceperunt
565 1936 782 1973 consilium
811 1945 853 1974 ut
887 1950 1027 1988 regem
1068 1937 1146 1974 sibi
1174 1936 1325 1974 unum(1
1357 1937 1674 1984 constituerent,
1699 1938 1804 1976 sicut

299 2008 432 2037 cetere
454 2009 614 2051 gentes.
637 2001 926 2039 Marchomiris
962 2016 1124 2053 quoque
1158 2003 1271 2040 dedit
1308 2002 1367 2039 eis
1398 2002 1475 2040 hoc
1508 2002 1740 2050 consilium,
1765 2011 1805 2041 et

296 2065 509 2115 elegerunt
532 2066 847 2112 Faramundum,
873 2067 1005 2118 ipsius
1026 2068 1169 2114 filium,
1195 2076 1233 2105 et
1266 2068 1505 2105 levaverunt
1537 2081 1628 2105 eum
1660 2081 1802 2120 regem

297 2143 422 2180 super
445 2143 487 2167 se
520 2131 724 2168 crinitum.
751 2132 861 2169 Tunc
883 2122 1050 2170 habere
1069 2142 1107 2170 et
1136 2133 1251 2184 leges
1292 2141 1491 2184 ceperunt
1523 2146 1625 2184 quas
1659 2146 1802 2170 eorum

295 2195 458 2246 priores
493 2197 668 2247 gentiles
696 2206 974 2236 tractaverunt
996 2198 1059 2235 his
1094 2199 1330 2236 nominibus
1351 2214 1358 2235 :
1382 2198 1668 2250 WVisogastuQ
1691 2197 1800 2236 Aro-

296 2269 453 2311 gastus,
480 2261 733 2313 Salegastus,
757 2263 798 2300 in
820 2264 929 2301 villis
952 2277 1031 2315 que
1070 2264 1175 2302 ultra
1210 2264 1395 2302 Hrenum
1418 2272 1538 2302 sunt:
1564 2263 1798 2315 Inbotagin,

296 2326 509 2378 Salecagin
532 2336 570 2365 et
589 2327 876 2380 Widecagine.

336 2455 590 2485 vJoxauctores
609 2451 648 2481 D
666 2470 703 2474 —
727 2453 756 2493 z)
779 2453 982 2493 preparatis
1003 2453 1042 2485 D
1061 2454 1097 2485 E.
1122 2471 1159 2476 —
1181 2454 1211 2493 a)
1228 2453 1293 2483 hoc
1315 2453 1352 2484 F.
1367 2471 1409 2477 —
1427 2453 1465 2493 b)
1486 2461 1534 2483 ac
1541 2452 1631 2483 cessi
1647 2454 1686 2489 A,
1702 2452 1742 2489 D,
1759 2453 1798 2485 F.

291 2492 604 2565 ῑοὲειλέῑιῑςοωίη
626 2494 668 2525 Ε.
688 2511 728 2517 —
745 2494 779 2534 d)
800 2505 909 2525 unum
933 2496 1027 2525 deest
1047 2496 1086 2531 D,
1103 2496 1140 2531 E,
1158 2495 1202 2527 G.
1221 2513 1262 2519 —
1278 2495 1310 2535 e)
1330 2494 1514 2536 Salecagin
1535 2499 1568 2525 et
1581 2494 1798 2536 Widecagin,

338 2735 368 2765 1.
399 2735 462 2765 Les
484 2736 662 2767 meilleurs
684 2738 836 2768 editeurs
859 2739 918 2769 des
942 2741 1041 2769 Gesta
1064 2751 1175 2782 regum
1197 2742 1402 2769 Francorum
1422 2750 1464 2769 ne
1480 2743 1603 2770 §avent
1616 2739 1645 2769 si
1665 2750 1703 2769 ce
1723 2743 1797 2769 mot

295 2781 347 2806 est
369 2778 529 2818 employe
552 2778 818 2819 adjectixement
843 2791 886 2810 ou
906 2781 959 2810 sil
983 2766 1126 2822 des-ignoce
1153 2793 1197 2811 un
1221 2791 1458 2822 peimsonnage
