1908 3256
260 261 310 297 60
783 274 970 299 annnam
1002 275 1243 300 cnnomcox

257 361 487 400 voluntates
510 361 596 414 ejus
613 372 650 401 et
672 363 893 402 honorifice
917 378 959 402 se
980 373 1325 416 presentare,per
1348 366 1534 417 singulos
1551 380 1696 412 annos,
1719 367 1761 404 in

257 427 406 479 placito
431 442 503 465 suo
527 442 655 479 usque
678 430 718 466 in
750 443 878 481 equos
907 438 1129 468 trecentos.
1168 429 1219 468 Et
1246 440 1363 468 natus
1404 440 1466 469 est
1496 432 1583 483 regi
1612 431 1761 483 Pipino

257 492 364 530 filius
394 494 456 530 cui
491 507 638 531 nomen
672 509 786 532 suum
821 496 1032 547 imposuit,
1077 496 1145 546 qui
1179 496 1220 532 in
1247 496 1376 534 tercio
1405 510 1510 534 anno
1544 506 1761 549 postquam

258 567 375 596 natus
393 567 453 596 est
470 568 653 598 mortuus
674 569 734 598 est
750 562 838 613 ipse
860 575 977 613 puer.
1003 561 1318 614 Celebravitque
1341 562 1575 600 Nathalemz
1597 562 1762 601 Domini

259 625 299 662 in
323 624 527 677 Longlare
551 634 588 663 et
609 626 766 664 Pascha
788 628 827 664 in
850 627 999 679 Jopila.
1026 627 1139 665 Tunc
1161 641 1231 665 rex
1255 628 1428 679 Pipinus
1453 642 1625 666 cernens
1642 628 1762 666 Wai-

259 691 419 733 serium,
445 691 588 728 ducem
610 691 845 743 Aquitanie,
867 706 948 730 non
977 693 1211 731 consentire
1234 693 1416 745 justiciis
1440 695 1704 732 eeclesiarum
1727 703 1765 732 et

257 758 443 808 partibus
468 757 734 803 Francorum,
754 759 926 797 consilio
949 760 1049 797 inito
1074 773 1162 797 cum
1187 759 1371 807 Francis,
1396 761 1508 798 venit
1526 761 1568 798 in
1589 760 1762 812 Aquita—

259 823 365 859 niam
383 836 513 873 usque
536 824 584 860 ad
602 823 733 860 locum
757 825 824 875 qui
841 825 991 862 dicitur
1023 824 1191 862 Tedoat.
1224 826 1342 873 Quod
1358 826 1502 864 videns
1518 826 1760 874 waiferius,

258 888 403 925 timore
427 888 587 939 plenus,
605 889 714 926 misit
736 889 951 927 Othertum
974 899 1012 928 et
1031 890 1284 935 Cladinum³‚
1309 892 1494 937 comites,
1511 892 1598 943 regi
1614 891 1763 943 Pipino

260 954 453 1005 deditque
477 954 534 991 eis
558 955 724 992 obsides
748 955 1012 1007 Adalgerium
1036 965 1074 994 et
1094 956 1243 994 Iterum
1267 957 1436 995 comites
1453 966 1493 995 ut
1513 957 1647 995 onmia
1668 957 1763 994 red-

261 1021 374 1057 deret
397 1034 475 1071 que
497 1034 567 1057 rex
584 1020 761 1072 pipinus
786 1024 984 1073 querebat
1005 1022 1044 1059 in
1074 1023 1208 1060 causis
1241 1023 1547 1069 ecclesiasticis,
1585 1032 1623 1061 et
1656 1023 1764 1061 cele-

258 1086 390 1123 bravit
416 1086 624 1123 Nathalem
642 1096 680 1124 et
699 1087 857 1124 Pascha
879 1088 919 1124 in
947 1087 1156 1125 Carisiaco
1180 1102 1251 1126 rex
1284 1089 1473 1140 pipinus.
1501 1089 1612 1126 Tunc
1645 1088 1765 1127 Wai-

260 1152 386 1189 ferius
409 1152 504 1196 duxss
523 1153 687 1190 minime
711 1153 896 1205 cogitans
913 1155 961 1191 de
978 1154 1192 1191 obsidibus
1214 1155 1278 1192 vel
1301 1156 1350 1192 de
1374 1155 1639 1192 sacramentis
1662 1155 1764 1200 suis,

262 1231 387 1269 supra
421 1218 611 1269 Pipinum
641 1233 779 1270 regem
803 1219 1025 1257 exercitum
1066 1221 1299 1264 commovit,
1344 1220 1461 1271 quasi
1498 1220 1718 1258 vindictam
1735 1218 1764 1265 ¹³,

259 1284 453 1335 venitque
476 1299 606 1335 usque
630 1287 678 1322 ad
701 1285 903 1323 civitatem
937 1286 1229 1323 Cavalonnum.
1267 1286 1317 1324 Et
1352 1288 1445 1324 dum
1480 1300 1551 1324 rex
1591 1286 1765 1337 Pipinus

263 1350 452 1387 sinodum
476 1364 591 1388 suum
610 1359 768 1388 teneret
788 1351 828 1388 in
850 1351 946 1388 villa
968 1365 1046 1402 que
1070 1351 1218 1389 dicitur
1241 1351 1367 1398 Dura,
1392 1352 1625 1389 nunciatum
1647 1359 1707 1388 est
1729 1350 1765 1388 ei

262 1416 372 1466 quod
393 1416 619 1454 W‘aiserius
642 1417 683 1454 in
706 1417 896 1454 omnibus
919 1417 1111 1455 mentitus
1136 1426 1210 1455 est.
1237 1417 1368 1463 Tunc,
1393 1431 1482 1455 cum
1511 1417 1662 1454 Karolo
1682 1416 1765 1453 filio

262 1495 335 1519 suo
371 1482 647 1533 primogenito
675 1483 846 1520 veniens
879 1483 918 1520 in
953 1483 1229 1534 Aquitaniam.
1255 1484 1362 1534 cepit
1397 1483 1562 1521 castella
1592 1495 1766 1534 quorum

262 1548 427 1585 nomina
444 1557 535 1585 sunt
558 1548 629 1586 hec
650 1565 656 1585 :
681 1549 935 1595 Burbonnis,
961 1549 1179 1595 Cantellas,
1206 1549 1470 1595 Clarli‘lontis,
1495 1549 1549 1586 ita
1570 1562 1645 1600 per
1659 1562 1766 1600 pug-

263 1626 353 1651 nam
381 1614 501 1665 cepit.
528 1614 578 1651 Et
601 1615 641 1652 in
675 1614 876 1652 Arvernis
901 1615 1024 1653 multa
1054 1615 1130 1652 alia
1159 1615 1324 1652 castella
1355 1615 1470 1666 cepit.
1491 1628 1566 1666 per
1586 1627 1766 1666 pugnam

264 1688 301 1716 et
324 1679 448 1717 multa
482 1681 647 1718 castella
669 1695 744 1732 per
765 1681 958 1732 placitum
994 1695 1036 1719 se
1071 1681 1343 1718 subdiderunt
1370 1681 1411 1718 in
1446 1679 1533 1732 ejus
1567 1679 1762 1718 dominio.

265 1744 315 1782 Et
338 1755 511 1797 propter
532 1746 633 1783 iram
657 1746 847 1784 waiferii
879 1748 994 1785 ducis
1030 1747 1279 1785 decertando
1297 1747 1571 1798 supradictam
1593 1745 1765 1797 provin-

264 1811 365 1848 ciam
393 1812 583 1863 pervenit
613 1826 743 1863 usque
766 1812 1021 1864 Itemovicas,
1056 1822 1093 1850 et
1116 1813 1209 1864 quia
1242 1826 1323 1849 non
1365 1826 1454 1850 eum
1495 1818 1767 1863 susceperunt

265 1875 582 1915 Lemovicenses
604 1878 645 1914 in
667 1892 781 1929 pace,
801 1879 959 1916 fortiter
991 1892 1230 1930 expugnans
1267 1878 1374 1929 cepit
1402 1878 1534 1929 ipsam
1564 1877 1764 1914 civitatem

265 1930 303 1979 et
325 1934 464 1980 muros
482 1942 568 1995 ejus
593 1944 808 1991 destruxit,
827 1953 865 1982 et
887 1944 1108 1982 celebravit
1130 1943 1341 1981 Nathalem
1366 1941 1559 1980 Dominid
1580 1943 1621 1979 in
1647 1942 1765 1980 Cari-

266 2009 375 2046 siaco
396 2009 506 2046 villa.
530 2009 674 2047 Tercio
693 2011 862 2048 veniens
880 2024 951 2048 rex
971 2010 1144 2061 Pipinus
1167 2010 1207 2047 in
1236 2009 1495 2061 Aquitaniam
1525 2009 1632 2060 cepit
1664 2008 1766 2045 civi-

263 2083 386 2112 tatem
425 2075 648 2113 Bituricam
689 2085 725 2113 et
757 2085 933 2113 castrum
975 2076 1158 2122 Toarcis,
1202 2084 1239 2113 et
1275 2075 1497 2112 celebravit
1526 2075 1618 2126 ipso
1659 2087 1765 2111 anno

266 2140 476 2178 Nathalem
499 2150 536 2179 et
554 2141 710 2178 Pascha
725 2142 765 2178 in
785 2142 1011 2179 Gentiliaco
1030 2142 1140 2179 villa.
1160 2141 1273 2179 Tunc
1287 2141 1425 2178 habuit
1441 2141 1633 2192 placitum
1649 2153 1765 2177 suum

265 2207 305 2244 in
328 2207 536 2249 Nivernis,
556 2217 593 2246 et
616 2217 760 2259 quarto
774 2208 852 2245 iter
868 2208 1020 2245 faciens
1038 2208 1078 2244 in
1094 2207 1353 2258 Aquitaniam
1365 2208 1564 2244 vastando
1578 2206 1767 2258 pervenit

266 2293 397 2330 usque
423 2280 680 2326 Cadurciam,
702 2288 740 2317 et
762 2280 1007 2317 revertendo
1029 2293 1103 2330 per
1125 2279 1365 2317 Lemovicas
1384 2271 1573 2314 contulit
1602 2273 1765 2313 Sancto

268 2345 478 2386 Martialii
517 2346 711 2386 bannum
735 2361 915 2386 aureum
947 2344 1065 2402 quod
1097 2354 1275 2401 ceperat
1302 2344 1347 2385 in
1376 2343 1518 2401 prelio
1541 2342 1761 2392 waiferii,

270 2417 508 2474 simulquee
524 2417 702 2459 donavit
713 2417 861 2458 villam
878 2417 1100 2459 deSancto
1117 2416 1341 2458 Valerico¹
1370 2414 1596 2457 canonicis
1615 2413 1766 2457 Sancti

312 2551 342 2582 z)
364 2549 517 2578 natalem
539 2549 573 2583 F,
597 2549 636 2580 G.
659 2567 698 2571 —
720 2548 752 2586 a)
774 2548 963 2580 Gladivum
985 2548 1021 2581 F,
1045 2549 1085 2578 G.
1109 2566 1147 2571 -—-
1162 2548 1197 2587 b)
1214 2547 1315 2588 quasi
1338 2546 1530 2578 vindictam
1551 2546 1644 2575 deest
1668 2545 1700 2580 Π,
1724 2544 1764 2576 G.

270 2591 363 2662 ι-ἰ-ἑεξὶ
383 2591 535 2662 {astella
558 2591 593 2625 f,
618 2591 656 2622 G.
681 2609 720 2613 —-
741 2590 775 2630 d)
805 2594 837 2621 et
874 2590 1008 2631 pascha
1029 2590 1066 2624 E,
1109 2589 1145 2625 F,
1182 2589 1221 2622 G.
1246 2607 1284 2611 —
1306 2589 1354 2628 e*)
1370 2589 1564 2619 bannum...
1595 2587 1785 2627 simulque·

317 2800 348 2829 1.
381 2799 417 2829 St
439 2800 580 2839 Youlry.
605 2799 770 2830 ancienne
791 2798 950 2840 paroisse
973 2800 1054 2839 pres
1083 2797 1255 2839 Limoges.
1278 2795 1580 2838 (flaute-Vienne).
