1908 3256
89 470 104 495 {0

106 470 122 495 10

250 211 322 248 142
763 223 949 248 Anmmm
982 223 1223 249 cnnomcor«v

241 313 482 355 Arbertus⁰
509 312 747 370 episcopus
766 314 794 353 ¹.
821 313 984 354 Contra
1007 328 1139 370 quern
1161 312 1321 354 iterato
1342 313 1616 355 Francorum
1639 329 1744 370 pro-

242 400 366 426 ceres
389 384 648 441 conspirati,
669 401 766 425 eum
790 400 928 444 regno
946 385 1179 441 pallentes,
1200 385 1465 426 Rotbertum
1488 384 1645 426 ducem
1662 401 1744 442 pro

243 458 336 497 00¹¹*
364 456 641 498 constituunt
662 472 813 515 regem
827 458 876 496 Ψ.
904 457 1027 497 Tune
1049 455 1165 497 inter
1189 472 1233 497 se
1268 456 1397 497 divisi
1433 465 1535 497 sunt
1565 456 1740 508 Franci,

243 527 320 568 sed
344 529 482 584 major
504 544 605 585 pars
622 528 839 569 Rotberto
862 526 1049 568 favebat.
1077 527 1260 569 Carolus
1284 527 1494 584 denique,
1519 527 1660 569 accito
1690 528 1743 569 ab

242 600 414 641 Hotone
437 599 705 656 imperatore
728 598 907 649 auxilio,
933 615 1031 639 eum
1061 598 1198 640 multo
1235 598 1431 640 exercitu
1454 598 1615 655 partim
1650 598 1747 640 de‘*

283 714 314 752 o)
343 713 504 743 Albertus
546 713 581 746 F,
616 712 711 743 G.-—
732 713 791 752 p*)
812 711 961 743 invitum
1005 711 1084 741 add.
1126 711 1215 742 C.-——
1262 712 1319 752 q*)
1351 712 1438 741 Nam
1476 710 1682 752 congregati
1707 710 1743 740 in

241 766 365 795 campo
405 766 498 785 more
533 754 634 784 solito
673 755 716 784 ad
756 754 979 784 tractandum
1017 754 1058 783 de
1092 754 1233 793 publica
1267 753 1365 794 regni
1395 752 1557 788 utilitate,
1586 752 1743 783 unanimi

240 797 398 830 consilio,
434 808 497 837 pro
531 808 569 826 eo
599 796 691 836 quod
725 796 847 836 ignare
882 795 1006 825 mentis
1046 800 1121 825 erat
1156 795 1247 825 idem
1281 806 1350 829 rex,
1393 796 1543 825 festucas
1579 794 1742 824 manibus

241 838 462 879 proicientes.
495 838 689 878 rejecerunt
721 848 810 871 eum,
842 849 882 867 ne
927 841 1018 867 esset
1056 837 1104 866 eis
1136 838 1229 867 ultra
1263 837 1393 871 senior,
1430 841 1463 867 et
1484 837 1637 866 solutum
1664 847 1743 866 eum

240 881 274 910 in
313 880 425 910 medio
465 891 589 920 campo
636 879 853 919 reliquerunt
887 878 1040 919 separati
1082 879 1124 908 ab
1156 890 1204 909 eo.
1243 879 1399 919 Cumque
1438 878 1542 908 simul
1583 878 1673 908 inter
1708 888 1743 908 se

240 922 403 955 coissent,
440 921 642 962 supervenit
687 932 801 951 comes
838 921 923 961 UgO,
967 920 1100 950 amicus
1142 921 1248 961 regi&
1283 921 1451 961 ignorans
1484 930 1640 950 causam.
1667 919 1743 954 Qua

240 968 431 1004 comperta,
473 963 559 993 dixit
594 963 753 992 Francis:
798 974 812 991 α
843 963 869 992 Ο
894 962 1074 992 fortissimi
1103 962 1238 996 Franci,
1273 974 1339 992 non
1385 962 1514 992 bonum
1557 961 1741 991 consilium

242 1018 255 1034 «
283 1005 417 1046 egistis,
439 1005 520 1045 quia
555 1005 725 1034 seniorem
756 1010 911 1035 vestrum
947 1004 1128 1034 inhoneste
1165 1003 1425 1044 dereliquistis;
1470 1015 1548 1034 eum
1584 1014 1622 1033 eo
1659 1014 1742 1044 pars

242 1060 255 1076 «
284 1058 411 1087 magna
436 1047 615 1081 Franciae,
633 1050 665 1076 et
686 1057 825 1076 neeesse
858 1050 921 1080 est,
963 1046 990 1075 si
1025 1046 1073 1076 ita
1099 1046 1189 1075 enirn
1217 1046 1437 1078 dimittimus.
1469 1045 1584 1076 venire
1612 1045 1743 1075 malum

242 1101 255 1117 «
284 1100 388 1129 super
404 1100 479 1118 nos.
506 1089 571 1119 Sed
590 1088 780 1128 adgrediar
801 1099 864 1128 ego
886 1098 976 1121 eum,
1000 1092 1033 1117 et
1068 1087 1265 1117 confodiam
1289 1090 1391 1118 serrO.
1421 1087 1542 1117 Melius
1565 1086 1654 1117 enim
1676 1091 1740 1122 est,

242 1143 255 1159 a
283 1136 320 1160 ut
351 1131 542 1165 occidatur,
573 1141 677 1170 quam
700 1130 828 1159 missus
851 1129 974 1169 puniat
995 1140 1057 1158 nos
1078 1142 1105 1160 ».
1132 1130 1171 1159 Et
1192 1130 1297 1159 citato
1324 1140 1423 1169 eque,
1447 1129 1548 1169 quasi
1571 1128 1743 1158 occideret

241 1183 330 1205 eum,
354 1184 433 1202 mox
453 1177 491 1202 ut
512 1173 555 1201 ad
571 1183 647 1202 eum
670 1171 840 1212 pervenit,
863 1172 932 1200 tale
952 1171 1137 1200 consilium
1158 1171 1253 1201 dedit
1267 1171 1307 1205 ei,
1324 1171 1459 1201 dicens:
1484 1182 1498 1199 α
1514 1171 1579 1200 Ero
1599 1170 1741 1200 nuntius

242 1226 256 1243 ((
279 1218 359 1244 tuus
380 1215 423 1244 ad
444 1214 506 1243 hos
536 1214 686 1245 Francos
711 1225 750 1242 ex
774 1217 873 1253 parte
903 1217 973 1245 tua.
1013 1217 1050 1242 ut
1081 1223 1191 1253 usque
1224 1213 1267 1242 ad
1294 1224 1401 1243 unum
1437 1223 1567 1242 annum
1604 1216 1741 1242 tuntum

242 1268 256 1285 ‹<
283 1256 352 1285 sint
378 1256 491 1285 adhue
517 1256 580 1286 sub
602 1260 662 1285 tua
683 1254 823 1288 ditione,
847 1259 879 1284 et
901 1254 927 1283 si
944 1255 978 1284 in
994 1254 1056 1283 hoc
1080 1254 1193 1295 spatio
1221 1266 1287 1284 non
1316 1259 1346 1284 te
1367 1254 1518 1285 viderint
1550 1253 1738 1289 meliorari,

242 1310 255 1325 a
282 1298 464 1328 discedant
484 1308 503 1327 a
524 1302 556 1327 te
578 1297 834 1337 vituperatione
848 1295 898 1326 tui
920 1308 949 1327 )>.
969 1296 1067 1331 Quod
1089 1307 1271 1336 regressus
1298 1295 1519 1327 confirmavit
1537 1307 1616 1325 cum
1639 1296 1742 1327 Fran-

241 1340 302 1372 cis,
326 1344 358 1369 et
378 1340 505 1370 iterum
538 1339 716 1369 redierunt
736 1339 779 1368 ad
801 1349 930 1378 regem,
948 1342 980 1367 et
1001 1349 1063 1378 per
1083 1338 1183 1368 illum
1204 1338 1474 1367 annumamieos
1490 1337 1555 1367 sibi
1572 1348 1630 1368 rex
1646 1348 1740 1367 asso-

241 1381 358 1414 ciavit,
380 1393 458 1411 cum
476 1381 602 1421 quibus
625 1385 705 1421 post
725 1391 854 1409 annum
875 1380 1074 1409 fiducialius
1099 1391 1134 1409 se
1162 1391 1266 1420 agere
1289 1380 1422 1420 potuit,
1453 1379 1739 1420 permanentibus

242 1423 419 1464 prioribus
442 1423 476 1452 in
494 1434 555 1452 sua
577 1422 763 1452 sentencia.
788 1422 930 1452 Elei-ato
958 1422 1048 1451 enim
1076 1421 1240 1451 Rotberto
1279 1421 1312 1450 in
1352 1433 1444 1462 rege,
1481 1421 1626 1451 Carolus
1660 1432 1739 1451 cum

242 1465 358 1495 valida
397 1465 589 1494 amicorum
634 1475 739 1493 manu
779 1463 998 1494 Lemovicam
1038 1463 1208 1503 pervenit,
1243 1467 1275 1493 et
1315 1463 1466 1504 pervigil
1498 1468 1597 1493 noete
1629 1474 1739 1503 prope

242 1509 428 1537 fenestram
451 1507 559 1536 sancti
576 1506 752 1535 Marcialis
767 1505 921 1546 perstitit
941 1505 975 1534 in
997 1505 1226 1537 orationibus,
1249 1510 1418 1545 quotquot
1436 1505 1550 1546 potuit
1569 1505 1610 1534 de
1631 1504 1739 1545 Aqui-

241 1549 336 1578 tania
353 1560 467 1578 secum
491 1548 762 1578 fortissimorum
782 1548 992 1577 bellatorum
1013 1547 1169 1581 abduxit,
1186 1551 1218 1576 et
1239 1558 1300 1587 per
1322 1547 1562 1588 Burgundiam
1589 1547 1632 1576 ad
1654 1547 1738 1576 Oto-

240 1602 317 1620 nem
338 1590 587 1631 imperatorem
627 1589 725 1623 abiit,
762 1594 906 1629 propter
944 1589 1111 1618 auxilium
1152 1589 1232 1618 add.
1271 1588 1324 1623 C²‚
1348 1607 1388 1612 —
1424 1592 1469 1628 ν’)
1496 1589 1537 1619 de
1571 1588 1739 1619 'l'eodisca

242 1637 353 1672 gente.
400 1632 529 1672 partim
564 1633 604 1661 de
656 1631 844 1671 Aquitania
887 1635 920 1660 et
965 1631 1124 1665 Francia,
1159 1641 1342 1671 regressus
1382 1635 1434 1660 est
1466 1630 1666 1666 Franciam,
1707 1634 1740 1660 et

241 1674 416 1703 commisit
441 1685 519 1703 cum
538 1684 576 1703 eo
599 1674 784 1703 Rotbertus
807 1673 950 1703 bellum.
974 1672 1089 1702 Caroli
1116 1677 1191 1702 erat
1225 1672 1371 1712 signifer
1400 1672 1583 1703 Fulbertus
1604 1681 1737 1706 comes;

242 1716 427 1746 Rotbertus
446 1719 562 1745 autem
596 1715 671 1755 ipse
699 1715 864 1745 vexillum
893 1714 960 1743 sibi
996 1714 1139 1747 ferebat,
1163 1713 1295 1753 dejecta
1335 1714 1447 1744 barba
1479 1713 1605 1744 canitie
1636 1714 1740 1754 plena

241 1762 337 1787 extra
359 1758 516 1791 loricam,
547 1761 585 1786 ut
606 1761 887 1797 cognosceretur.
912 1756 1058 1785 Carolus
1080 1767 1139 1785 rex
1168 1756 1331 1787 Fulberto
1356 1755 1391 1785 in
1418 1755 1637 1785 terminando
1671 1755 1737 1785 ait:

245 1811 258 1826 a
282 1801 383 1831 Cave.
419 1811 437 1828 o
466 1799 626 1830 Fulberte
668 1811 693 1827 ».
720 1799 760 1827 Et
797 1798 876 1827 inde
902 1797 994 1827 idem
1028 1797 1253 1838 proverbium
1292 1797 1395 1827 exiit:
1438 1797 1541 1830 Cave.
1567 1797 1738 1828 Fulherte.

245 1842 426 1872 Fulbertus
460 1841 663 1871 Rotbertum
691 1851 806 1880 regem
848 1850 909 1879 per
948 1840 1099 1869 medium
1139 1839 1271 1869 cerebri
1293 1839 1479 1869 dividendo
1501 1839 1666 1873 confodit,
1707 1843 1740 1868 et

241 1883 410 1913 exercitus
450 1882 604 1913 Rotberti
638 1882 749 1912 victus
766 1886 827 1911 est.
869 1882 910 1910 Et
949 1881 1046 1911 finito
1079 1881 1181 1915 bello,
1205 1881 1363 1921 pervenit
1397 1882 1483 1921 Cgo,
1523 1881 1617 1911 filius
1655 1881 1738 1911 Rot-

241 1925 342 1960 berti,
368 1924 574 1965 cognomine
589 1923 767 1964 Capetius,
791 1928 823 1952 et
837 1934 914 1952 curn
937 1923 1030 1952 mille
1046 1923 1233 1963 equitibuS,
1251 1927 1283 1952 et
1304 1923 1468 1952 Carolum
1489 1934 1567 1952 cum
1588 1922 1739 1953 exercitu

241 1967 335 1996 lasso
362 1967 508 2006 fugavit,
532 1970 564 1995 et
589 1965 812 2006 postmodum
834 1965 1040 2004 suppliciter
1061 1965 1104 1994 ad
1134 1976 1212 1994 eum
1240 1965 1391 1999 veniens,
1434 1965 1606 1995 voluntati
1646 1963 1739 2005 regis

242 2008 420 2038 assensiw.
439 2008 525 2038 Nam
548 2008 694 2037 Carolus
716 2018 863 2047 regnum
885 2007 1116 2047 recuperavit.
1140 2011 1173 2036 et
1187 2006 1255 2046 ipsi
1275 2007 1386 2047 Ugoni
1409 2006 1553 2046 Capetio
1575 2007 1741 2036 ducatum

242 2050 412 2090 permisit,
438 2050 527 2079 sicut
548 2049 670 2079 solitus
693 2053 768 2079 erat
789 2059 908 2088 regere
931 2053 1030 2088 pater
1046 2048 1119 2088 ejus
1142 2048 1337 2078 Rotbertus.
1364 2049 1404 2078 Et
1431 2049 1472 2077 de
1493 2048 1628 2088 spoliis,
1651 2057 1740 2088 quae

242 2096 382 2133 ceperat
403 2092 561 2125 Carolus,
586 2095 706 2120 sancto
727 2090 897 2124 Marciali,
916 2090 1006 2120 sicut
1027 2095 1181 2125 voverat,
1211 2090 1337 2120 direxit
1369 2090 1531 2130 quedam,
1559 2089 1594 2120 id
1621 2094 1673 2120 est
1699 2089 1741 2119 de

242 2135 377 2174 capella
402 2133 559 2164 Rotberti
592 2132 685 2173 regis
708 2131 929 2172 evangelium
945 2143 985 2162 ex
1005 2143 1090 2161 auro
1115 2136 1147 2161 et
1168 2136 1325 2172 argento,
1355 2132 1582 2162 dalmaticam
1602 2131 1740 2172 precio-

244 2187 317 2205 sam
339 2187 379 2206 ex
395 2180 487 2206 veste
503 2175 626 2209 erisea,
652 2174 879 2204 saltestalium
901 2178 1135 2214 argentatum,
1160 2173 1404 2204 vestimentum
1425 2173 1601 2214 integrum
1623 2184 1740 2203 sacer-

242 2218 357 2247 dotale
377 2217 587 2258 preciosum,
610 2217 696 2246 duos
711 2216 820 2245 libros
842 2215 980 2246 divinae
1007 2215 1186 2250 historiae,
1215 2215 1345 2245 librum
1365 2215 1562 2256 preciosum
1584 2215 1624 2244 de
1644 2226 1740 2244 com—

246 2264 342 2299 put0,
379 2259 543 2290 vexillum
579 2269 618 2289 ex
656 2261 750 2289 veste
783 2268 868 2287 auro
904 2261 997 2287 texta
1029 2268 1146 2287 unum.
1185 2258 1265 2297 Ipso
1304 2268 1386 2288 vero
1407 2257 1532 2287 Carolo
1554 2256 1740 2297 migrante,

250 2301 445 2332 Ludovieus
474 2300 568 2331 filius
601 2299 674 2340 ejus
696 2310 760 2340 pro
793 2310 831 2329 eo
860 2302 999 2330 strenue
1025 2299 1188 2340 regnavit
1219 2298 1253 2329 C.

287 2507 314 2536 1.
340 2506 430 2536 Tout
450 2516 486 2535 ce
509 2514 662 2545 passage
683 2506 735 2532 est
760 2502 839 2532 bien
855 2502 1059 2542 particulier
1081 2504 1099 2531 a
1120 2503 1279 2532 Ademar.
1305 2501 1395 2532 C’est
1414 2501 1460 2531 lui
1483 2501 1543 2542 qui
1569 2512 1589 2532 a
1615 2502 1647 2532 le
1667 2513 1742 2543 pre-

243 2548 331 2579 mier
352 2548 451 2588 parle
473 2547 553 2576 d'un
574 2546 630 2576 fils
651 2546 788 2574 nomme
809 2544 1132 2584 Arnoulquiaurait
1142 2544 1285 2574 succede
1295 2545 1313 2573 a
1336 2544 1448 2573 Eudes
1464 2543 1630 2584 quelques
1640 2544 1740 2581 mois,

244 2595 278 2621 et
293 2590 323 2619 le
344 2600 425 2619 nom
441 2589 481 2618 de
503 2592 555 2618 cet
570 2591 698 2627 eveque
719 2590 771 2615 est
791 2585 941 2615 inconnu
963 2596 1031 2615 aux
1051 2590 1168 2616 autres
1190 2585 1453 2625 chroniqueurS.
1478 2584 1569 2615 C'est
1592 2586 1741 2617 l’arche-
1776 2600 1778 2604 >

242 2635 351 2671 veque
372 2631 413 2661 de
435 2630 561 2665 Reims,
587 2630 770 2668 FoulqueS‚
793 2627 851 2667 qui
867 2638 967 2657 saera
989 2627 1132 2658 Charles
1153 2630 1183 2659 le
1207 2627 1347 2668 Simple.

286 2675 314 2703 2.
333 2674 422 2702 Tout
437 2683 473 2701 ee
494 2682 648 2712 passage
664 2673 740 2700 sent
754 2669 787 2699 la
797 2670 942 2710 legende
956 2680 1088 2699 comme
1098 2670 1141 2700 l'a
1159 2669 1221 2700 fait
1237 2678 1440 2708 remarquer
1454 2668 1496 2698 M.
1514 2667 1623 2698 Waitz
1638 2671 1741 2710 apres

244 2715 329 2745 Dom
351 2715 519 2754 Bouquet.

285 2758 313 2786 3.
337 2756 446 2787 Meme
465 2754 698 2786 obser-ration.
