1908 3256
324 304 401 343 210
843 319 1029 344 Anmmnl
1061 321 1301 347 cnnoxlcox

384 415 459 453 His
508 416 762 468 temporibus
798 418 969 469 contigit
1002 418 1242 456 Lemovicae
1289 418 1514 457 internecio
1559 419 1742 457 virorum
1783 427 1820 456 et

329 481 542 519 mulierum
579 491 791 520 nocturna.
824 483 961 521 Medio
984 484 1090 521 enim
1120 483 1466 537 Quadragesimae
1500 494 1702 537 tempore,
1722 485 1817 522 dum

325 556 562 585 reserantur
595 549 808 586 nocturnis
840 549 1027 587 laudibus
1058 550 1197 588 valvae
1228 551 1422 589 basilicae
1451 551 1691 597 Salvatoris‚
1719 563 1818 588 con-

325 627 470 651 cursus
493 615 634 651 turbae
656 614 834 652 fluminis
860 628 970 653 more
987 616 1200 654 ecclesiam
1221 616 1413 663 influens,
1430 631 1525 655 casu
1543 616 1727 655 involuta
1741 624 1818 662 est,

324 687 365 716 ut
382 693 485 717 unus
508 680 677 718 alterum
700 682 1100 732 superconculcaret.
1122 682 1172 720 Et
1194 683 1251 720 sic
1264 683 1358 734 plus
1379 697 1497 735 quam
1521 682 1820 734 quinquaginta

323 745 400 783 viri
424 755 461 783 et
482 746 674 784 mulieres
698 748 745 784 ab
768 748 964 786 alterutro
979 748 1085 787 inter
1106 750 1264 787 turbam
1278 749 1443 787 multam
1457 749 1698 795 conculcati,
1715 747 1824 800 expi-

325 822 516 850 raverunt
534 814 761 851 confestim.
789 814 818 851 E
834 815 1011 864 vestigio
1034 816 1163 853 exorti
1195 825 1288 854 sunt
1307 830 1382 868 per
1403 816 1663 868 Aquitaniam
1691 814 1826 853 Mani-

325 878 411 916 chei
429 880 671 917 seducentes
687 880 966 931 promiscuum
985 882 1182 933 populum
1205 896 1226 920 a
1242 883 1410 925 veritate
1432 883 1481 920 ad
1500 895 1696 920 errorem.
1723 880 1825 918 Sua-

325 946 473 983 debant
490 959 639 997 negare
661 947 924 997 baptismum,
947 948 1109 999 signum
1133 958 1295 987 sanctae
1335 949 1496 995 Crucis,
1522 948 1764 994 Ecclesiam,
1788 955 1826 985 et

326 1011 459 1062 ipsum
480 1011 797 1062 Redemptorem
832 1012 975 1057 seculi,
1007 1013 1203 1051 honorem
1239 1023 1471 1052 sanctorum
1508 1013 1601 1059 Dei,
1639 1011 1827 1064 conjugia

326 1077 520 1128 legitima,
543 1091 681 1115 aesum
704 1079 903 1127 carnium,
934 1080 1041 1118 unde
1064 1089 1101 1118 et
1136 1081 1284 1118 multos
1308 1081 1517 1132 simplices
1550 1087 1784 1118 averterunt
1806 1092 1827 1116 a

325 1144 415 1181 fide.

383 1221 657 1273 Temporibus
694 1223 813 1274 ipsis,
853 1223 946 1260 dum
978 1237 1170 1262 reversus
1212 1233 1320 1262 esset
1359 1238 1379 1261 a
1419 1223 1548 1261 Roma
1597 1232 1692 1274 post
1730 1236 1828 1274 pas-

329 1287 462 1326 chales
513 1289 600 1326 dies
650 1289 858 1341 gloriosus
899 1290 1160 1341 supradictus
1201 1291 1296 1335 dux,
1338 1290 1547 1327 inventum
1599 1298 1661 1327 est
1709 1298 1827 1341 caput

326 1355 452 1392 sancti
475 1354 673 1392 Johannis
714 1356 755 1392 in
796 1356 928 1407 ipsius
969 1356 1139 1394 basilica
1174 1356 1215 1393 in
1246 1357 1410 1408 tugurio
1452 1369 1588 1403 saxeo,
1629 1355 1827 1393 coenobio

325 1420 570 1472 Angeriaco.
622 1421 740 1469 Quod
770 1431 952 1460 sanctum
989 1431 1109 1474 caput
1149 1423 1289 1460 dicunt
1325 1435 1416 1459 esse
1452 1421 1668 1473 proprium
1709 1429 1827 1472 caput

325 1487 453 1524 sancti
473 1486 672 1524 Johannis
708 1487 910 1539 Baptiste.
951 1488 1063 1526 Tunc
1097 1487 1334 1526 XVillelmus
1357 1489 1451 1535 dux,
1477 1488 1657 1539 repletus
1679 1500 1827 1539 magno

325 1553 488 1604 gaudio,
513 1561 696 1591 sanctum
720 1563 839 1605 caput
860 1555 1108 1606 populorum
1128 1554 1286 1592 visibus
1307 1554 1606 1592 ostendendum
1629 1553 1824 1591 decrevit.

326 1619 377 1656 Et
399 1633 480 1656 non
503 1619 634 1658 solum
657 1620 790 1657 omnis
806 1619 1042 1671 Aquitania,
1066 1634 1207 1658 verum
1224 1620 1342 1658 etiam
1369 1619 1555 1665 Francia,
1575 1628 1613 1657 et
1634 1619 1828 1672 Burgun-

326 1685 404 1731 dia,
428 1685 628 1737 Hispania
646 1686 931 1737 etlssritannia,
953 1695 1072 1737 atque
1095 1686 1398 1738 Longobardia,
1424 1695 1462 1723 et
1490 1683 1625 1724 cetera
1645 1685 1827 1738 gentium

325 1752 544 1789 diversitas
562 1752 744 1789 certatim
765 1752 876 1790 velut
913 1753 1042 1790 amnis
1077 1753 1221 1790 devote
1248 1753 1305 1790 ibi
1341 1752 1535 1798 occurrit,
1571 1752 1706 1789 audita
1727 1752 1830 1788 fama

326 1826 405 1854 tam
420 1818 631 1868 praeclara
665 1818 819 1855 nostris
857 1818 1017 1855 diebus.
1059 1818 1148 1855 Rex
1171 1831 1335 1869 quoque
1357 1818 1582 1855 Rotbertus
1605 1817 1828 1855 honorifice

327 1883 505 1930 advenit,
527 1892 565 1920 et
581 1884 687 1921 sicut
713 1885 882 1921 decebat
898 1884 1053 1935 regiam
1070 1884 1325 1936 dignitatem,
1351 1883 1498 1921 obtulit
1519 1883 1559 1921 in
1577 1885 1719 1922 eodem
1738 1883 1828 1921 loco

327 1949 522 1987 concham
546 1963 594 1986 ex
615 1963 715 1987 auro
736 1950 963 2001 purissimo
985 1959 1226 2001 pansentem
1261 1950 1387 1987 libras
1409 1949 1590 2001 triginta,
1623 1949 1828 2001 pretiosas

328 2029 491 2066 quoque
513 2024 649 2053 vestes
666 2016 716 2053 ad
733 2016 1057 2053 ecclesiasticum
1081 2024 1379 2061 ornamentum,
1405 2024 1443 2053 et
1464 2029 1612 2067 magno
1634 2015 1788 2053 honore
1808 2029 1829 2053 a

326 2080 538 2119 Willelmo
561 2082 662 2119 duce
686 2090 880 2133 exceptus
901 2090 976 2128 est,
995 2095 1085 2119 cum
1108 2082 1297 2119 omnibus
1315 2081 1385 2133 qui
1407 2095 1497 2119 eum
1513 2081 1824 2119 comitabantur.

329 2147 380 2185 Et
396 2147 458 2185 his
481 2147 670 2199 expletis,
696 2161 889 2185 reversus
913 2156 975 2185 est
994 2146 1245 2185 Aurelianis.
1273 2147 1392 2196 Quod
1414 2147 1533 2185 etiam
1555 2146 1684 2199 majus
1712 2147 1828 2185 vide-

327 2222 407 2259 tur,
444 2227 585 2251 omnes
627 2214 970 2265 congregationes
1015 2227 1228 2251 servorum
1266 2213 1343 2251 Dei
1381 2227 1428 2251 ex
1467 2212 1701 2265 Aquitania,
1738 2226 1827 2251 cum

329 2288 562 2317 sanctorum
603 2279 849 2330 corporibus
884 2287 922 2317 et
967 2279 1170 2331 reliquiis,
1209 2288 1247 2318 et
1280 2287 1476 2331 apparatu
1529 2279 1825 2326 ecclesiastico,

326 2345 551 2396 psallentes
573 2353 869 2397 processerunt
889 2346 939 2383 ad
958 2346 1194 2383 memoriam
1218 2345 1347 2383 sancti
1370 2344 1638 2383 Precursoris
1655 2344 1824 2383 Christi.

330 2411 440 2449 Inter
455 2425 533 2462 que
555 2425 782 2449 concursus
807 2411 1162 2449 Lemovieinorum
1190 2425 1270 2449 una
1304 2425 1393 2449 cum
1415 2410 1625 2448 monachis
1645 2419 1684 2448 et
1703 2410 1827 2448 cleri-

329 2477 386 2513 cis
406 2485 444 2514 et
459 2477 729 2528 primoribus,
755 2485 793 2515 et
811 2477 1007 2528 episcopo
1042 2477 1237 2523 Geraldo,
1271 2485 1309 2514 et
1329 2476 1510 2514 Joffredo
1532 2477 1675 2514 abbate
1704 2489 1826 2527 prae-

329 2542 454 2590 celso,
479 2557 567 2580 cum
590 2543 854 2581 inenarrabili
867 2543 997 2594 gloria
1019 2543 1256 2581 memoriam
1271 2542 1514 2594 Aquitaniae
1531 2541 1697 2593 patroni
1711 2554 1825 2593 prae-

329 2609 437 2660 cipui
460 2609 660 2647 Martialis
685 2618 795 2647 recto
818 2623 941 2647 cursu
963 2623 1038 2660 per
1065 2618 1248 2647 sanctum
1267 2609 1481 2647 Carrofum
1499 2615 1825 2659 praetereuntes,

329 2676 378 2712 ad
400 2675 634 2712 memoriam
658 2675 868 2726 Baptistae
890 2674 1057 2712 Domini
1079 2674 1327 2712 detulerunt.
1368 2673 1420 2711 Et
1450 2673 1608 2725 magnis
1631 2673 1827 2710 laetantes

330 2740 552 2786 miraculis,
577 2755 679 2792 quae
702 2741 914 2793 apostolus
938 2740 1091 2778 Galliae
1109 2740 1439 2792 gloriosissimus
1469 2738 1669 2776 Martialis
1689 2747 1828 2790 patra-

329 2814 457 2853 verat,
481 2820 555 2857 per
569 2807 726 2844 viarum
747 2807 968 2845 interstitia
1002 2808 1076 2844 sub
1103 2806 1234 2844 oculis
1254 2806 1434 2844 omnium
1448 2805 1737 2856 tripudiantes,
1761 2818 1828 2842 re-
