1908 3256
310 306 361 341 88
831 313 1017 339 ΛυιεΜΑιιι
1051 313 1290 338 cnnoxicox

313 407 422 444 invia
441 406 528 443 loca
549 405 724 443 transiit.
752 404 803 441 Et
823 411 906 441 tota
926 403 1129 440 Saxonum
1146 411 1266 454 gente
1283 404 1324 441 in
1339 405 1589 442 deditionem
1607 417 1684 456 per
1705 404 1812 441 obsi-

316 473 388 510 des
422 480 601 523 accepta,
627 483 818 508 reversus
841 478 901 506 est
923 468 1055 519 Aquis
1076 468 1241 519 palatio.
1271 469 1330 506 Ibi
1349 469 1521 507 Abdella
1543 469 1811 515 sarracenus,

317 538 422 576 filius
448 538 505 575 Ibi
536 537 671 588 Maugi
695 536 821 588 regis,
843 550 864 573 a
887 537 1008 573 fratre
1031 548 1159 587 regno
1186 535 1347 586 pulsus,
1371 536 1411 573 in
1435 535 1679 573 Mauritania
1715 549 1814 573 exu-

318 605 421 650 lans,
443 604 478 641 ei
511 617 553 641 se
591 602 776 640 manibus
811 602 1122 639 commendavit.
1162 600 1220 638 Ibi
1254 602 1365 639 venit
1401 601 1678 648 Theoctistus,
1708 601 1816 639 filius

320 669 499 716 Nicete‘,
524 669 592 720 qui
612 677 708 706 tunc
737 667 916 705 Siciliam
940 668 1122 718 regebat,
1152 674 1321 717 portans
1356 667 1618 719 imperatoris
1659 667 1817 718 episto-

318 736 432 782 lam⁵,
451 749 571 786 quem
594 734 806 786 magnifice
826 733 1057 784 suscipiens
1079 741 1174 784 post
1195 746 1347 784 paucos
1371 733 1458 770 dies
1489 733 1726 780 absolvit,et
1747 747 1817 770 no-

317 801 502 839 vembrio
523 813 661 837 mense
685 799 901 845 mediante,
926 799 975 836 ad
1005 798 1325 835 hibernandum¹
1359 812 1448 836 cum
1476 799 1657 836 exercitu
1690 798 1819 836 Saxo·

318 869 424 906 niam
440 867 622 914 intravit,
648 866 880 917 positisque
903 865 1049 902 castris
1081 865 1188 916 apud
1224 864 1435 903 XYisoram
1475 865 1657 912 fluvium,
1687 865 1820 903 locum

319 942 548 972 castrorum
573 931 757 969 Eristalli
779 930 916 968 vocari
934 929 1076 982 jussit.
1102 930 1200 968 Illuc
1212 939 1414 968 venerunt
1432 931 1555 982 legati
1571 930 1821 969 Avarrorum

321 1013 409 1039 cum
433 998 673 1036 muneribus
699 997 850 1034 multis.
879 995 976 1033 Inde
992 995 1205 1034 Abdellam
1231 996 1500 1034 Sarracenum
1523 1010 1612 1034 cum
1633 997 1717 1035 filio
1749 1010 1822 1035 suo

323 1065 531 1104 Ludovico
549 1064 588 1101 in
613 1063 836 1114 Hispanias
854 1062 1004 1099 reverti
1029 1062 1137 1107 fecit,
1164 1070 1201 1099 et
1236 1063 1362 1100 filium
1398 1076 1514 1100 suum
1548 1063 1741 1114 Pipinum
1774 1063 1823 1100 ad

324 1132 478 1170 ltaliam
501 1130 627 1168 misit.
651 1129 745 1180 lpse
767 1129 816 1165 ad
839 1128 1137 1179 disponendam
1161 1128 1375 1165 Saxoniam
1397 1136 1525 1166 totum
1556 1127 1702 1166 hiemis
1726 1136 1824 1166 tem-

322 1212 400 1250 pus
416 1196 630 1248 impendit,
657 1203 694 1232 et
716 1194 771 1231 ibi
788 1193 969 1231 Natalem
994 1194 1158 1230 Domini
1176 1202 1214 1231 et
1230 1194 1388 1231 Pascha
1410 1195 1645 1232 celebravit.

380 1271 441 1307 14.
464 1290 514 1295 —
536 1266 657 1304 Venit
677 1274 808 1303 autem
825 1266 873 1302 ad
894 1278 983 1301 eum
1012 1265 1169 1316 legatus
1203 1264 1417 1311 Adefonsi‚
1439 1265 1551 1317 regis
1581 1264 1750 1303 Gallicie
1789 1274 1827 1304 et

324 1334 506 1379 Asturie,
524 1333 688 1370 nomine
704 1332 839 1376 Froia,
852 1339 1097 1382 presentans
1110 1331 1362 1382 papilionem
1376 1331 1475 1368 mire
1487 1330 1824 1382 pulchritudinis.

326 1401 369 1438 ln
389 1401 480 1451 ipso
501 1412 664 1450 quoque
678 1397 835 1434 Pasche
855 1405 1039 1448 tempore
1057 1396 1263 1434 Nortliudi
1277 1402 1291 1418 ‘¹
1307 1405 1419 1434 trans
1434 1395 1596 1434 Albiam
1617 1398 1826 1443 sedentes,

325 1466 526 1504 seditione
547 1472 763 1509 commota,
788 1463 945 1514 legatos
972 1461 1058 1514 ejus
1082 1462 1152 1513 qui
1188 1463 1237 1499 ad
1266 1460 1447 1513 justitias
1484 1462 1687 1500 faciendas
1722 1464 1829 1514 apud

325 1546 395 1570 eos
424 1531 818 1576 conversabanturv,
838 1529 1037 1580 quosdam
1066 1527 1320 1573 occiderunt,
1340 1528 1539 1579 quosdam
1559 1529 1609 1566 ad
1628 1528 1830 1567 redimen-

326 1600 420 1637 dum
451 1603 786 1640 reservaverunt,
811 1609 859 1633 ex
886 1595 1035 1646 quibus
1068 1594 1193 1645 aliqui
1225 1595 1432 1646 fugerunt,
1465 1594 1596 1643 ceteri
1629 1596 1831 1647 redempti

327 1671 434 1702 sunt.
452 1663 540 1701 Rex
563 1661 755 1707 Karolus,
781 1661 952 1698 collecto
971 1660 1166 1707 exercitu,
1185 1660 1234 1697 ad
1250 1660 1382 1697 locum
1399 1660 1468 1711 qui
1493 1660 1833 1698 diciturMimda¹

325 1729 523 1782 perrexit,
548 1736 587 1766 et
604 1736 746 1765 contra
777 1728 1012 1764 desertores
1032 1726 1140 1763 inter
1160 1725 1320 1763 Albiam
1344 1734 1383 1763 et
1414 1726 1602 1764 Visoram
1631 1739 1832 1778 peragra-

325 1795 383 1833 vit
400 1803 523 1832 totam
547 1793 779 1831 Saxoniam.
801 1791 1011 1830 Nortliudi
1031 1805 1120 1829 cum
1138 1791 1487 1838 Trasicone,duce
1513 1790 1830 1840 Abodritorum‚

329 1869 367 1899 et
386 1859 796 1910 Erebusitofflegato
814 1858 954 1895 domni
978 1857 1105 1909 regiS‚
1141 1858 1361 1895 commisso
1394 1858 1543 1909 prelio,
1583 1858 1682 1896 victi
1722 1866 1832 1905 sunt,

330 1935 368 1964 et
389 1926 472 1963 cesi
489 1939 536 1963 ex
555 1925 614 1962 eis
637 1932 811 1975 quatuor
830 1923 969 1969 millia,
992 1923 1116 1960 ceteri
1145 1923 1214 1974 qui
1246 1932 1465 1962 evaserunt
1486 1925 1534 1961 de
1556 1924 1670 1975 pacis
1695 1924 1832 1962 condi-

329 1995 439 2033 tione
462 2001 753 2039 tractaverunt,
791 2001 829 2030 et
858 2005 943 2033 rex,
983 1991 1163 2043 acceptis
1199 1992 1432 2037 obsidibus,
1468 2006 1661 2030 reversus
1699 2000 1762 2030 est
1793 1992 1834 2030 in

331 2059 587 2112 Aquisgrani
624 2058 831 2110 palatium.
859 2058 918 2095 Ibi
942 2057 1188 2109 legationem
1211 2072 1232 2095 a
1255 2058 1615 2110 Constantinopoli
1632 2058 1830 2109 suscepit,

336 2129 671 2180 eratquelegatus
688 2118 1114 2178 MichaheLpatricius
1133 2127 1331 2180 Frigie,et
1348 2127 1601 2179 Theophilus
1611 2127 1835 2179 presbiter,

336 2195 549 2248 epistolam
573 2194 727 2231 Helene
750 2193 1023 2244 imperatricis
1040 2192 1301 2238 defferentes,
1327 2193 1421 2244 quia
1441 2193 1549 2230 filius
1572 2191 1675 2244 ejus,
1701 2193 1837 2231 Cons-

335 2263 515 2302 tantinus
538 2263 774 2314 imperator,
797 2274 901 2298 anno
925 2261 1139 2312 superiore
1162 2275 1183 2298 a
1213 2261 1298 2298 suis
1330 2261 1652 2312 comprehensus
1665 2267 1692 2307 ²,
1718 2274 1838 2298 exce-

338 2339 450 2368 catus
473 2337 547 2366 est.
574 2328 659 2365 Hec
675 2336 809 2365 tamen
832 2327 980 2378 legatio
996 2335 1150 2364 tantum
1171 2327 1218 2364 de
1240 2340 1339 2377 pace
1363 2326 1570 2375 fuit.Quos
1593 2340 1684 2364 cum
1706 2326 1838 2365 absol-

336 2399 479 2444 visset,
516 2396 694 2434 absolvit
724 2396 842 2433 etiam
872 2408 961 2431 cum
1002 2395 1060 2432 eis
1108 2403 1146 2431 et
1181 2394 1425 2441 Sisinnium,
1454 2395 1618 2432 fratrem
1662 2394 1836 2441 Tarasii,

338 2461 786 2513 Constantinopolitani
808 2460 1010 2512 episcopi,
1036 2459 1274 2512 jamdudum
1297 2461 1337 2498 in
1362 2460 1477 2497 Italia
1501 2453 1635 2512 prelio
1658 2468 1833 2511 captum.

337 2532 425 2570 Hoc
434 2545 554 2577 anno,
567 2531 607 2568 id
622 2539 684 2568 est
698 2531 746 2567 ab
762 2529 1039 2566 incarnatione
1055 2529 1221 2566 Domini
1235 2534 1330 2566 θεοῦ
1343 2534 1413 2567 xc⁰
1423 2533 1547 2575 vnns’,
1561 2528 1676 2566 sidus
1689 2527 1836 2566 Martis

336 2612 357 2635 a
378 2597 606 2649 superioris
632 2596 726 2634 anni
743 2594 846 2647 julio
873 2608 1003 2646 usque
1028 2595 1077 2632 ad
1111 2593 1230 2646 hujus
1259 2595 1353 2632 anni
1375 2593 1523 2646 julium
1554 2607 1759 2645 nusquam
1783 2593 1837 2631 'in

381 2754 410 2791 r)
431 2751 540 2782 Niceti
568 2751 605 2786 F,
629 2749 668 2782 G.
693 2767 731 2772 -
765 2749 794 2789 s)
815 2748 983 2790 epistolas
1010 2747 1048 2782 F,
1071 2748 1110 2780 G.
1152 2766 1193 2773 —
1218 2749 1245 2788 t)
1286 2748 1455 2779 adhibens
1490 2747 1707 2778 Bernardum
1736 2747 1772 2781 F,
1796 2747 1838 2778 G.

342 2811 380 2818 --
401 2794 437 2833 u)
458 2792 635 2823 Norzliudi
656 2791 693 2827 F,
716 2791 755 2823 G.
781 2810 818 2814 —
839 2792 873 2830 v)
897 2790 1072 2821 faciendas
1093 2790 1127 2820 in
1148 2790 1218 2820 illis
1234 2790 1395 2831 partibus
1417 2789 1717 2820 conversabantur
1749 2789 1786 2825 E,
1803 2788 1841 2824 F,

343 2836 382 2867 G.
407 2854 446 2858 -—
467 2836 500 2875 x)
522 2836 675 2874 Campus
697 2834 733 2869 F,
758 2833 796 2864 G.
820 2850 861 2856 -·
880 2833 913 2873 y)
948 2832 1096 2862 Eburiso
1119 2833 1155 2868 E,
1180 2832 1215 2866 F,
1239 2832 1279 2864 G.
1297 2850 1335 2854 —
1350 2832 1381 2872 z)
1401 2831 1674 2871 comprehensas
1695 2831 1734 2860 A.

1890 1062 1908 1427 —q—u-w--ffl-
1886 1010 1890 1020 ⁴
