1908 3256
712 334 826 359 mmm
862 334 1015 359 ruimus
1561 331 1609 364 :30

118 423 1352 477 licaminvitationeminItaliamperrexitquereudojusticiam
1375 430 1477 465 boati
1501 429 1610 467 Petri

119 489 308 541 apostoli.
328 489 543 534 Aistulfus,
563 502 633 525 rex
650 488 1028 539 Langobardorum,
1051 492 1530 543 supradirtanijusticiam
1546 509 1609 531 ve-

119 554 435 600 tendo,Sclusas
451 554 816 605 Longobardorum
827 555 943 604 petiit
962 557 1166 593 etobviam
1186 558 1428 609 Pipinoregi
1453 560 1560 596 venit
1575 569 1611 598 et

121 621 299 658 inierunt
314 620 480 665 bellum,
499 628 551 660 et,
577 619 753 656 Domino
776 620 991 657 auxiliante
1015 630 1051 658 et
1069 623 1185 659 beato
1204 623 1325 660 l'vtro
1347 625 1531 674 apostolo
1548 626 1610 661 in-

118 687 370 731 tercedente,
389 685 562 736 Pipinus
581 698 650 722 rex
662 685 793 722 victor
806 686 935 723 extitit
951 699 1040 723 cuni
1056 686 1237 724 Francis.
1259 688 1492 739 Eodemque
1506 704 1610 726 anno

121 751 356 803 Stephanus
395 764 500 802 papa
536 751 728 788 reductus
769 759 830 788 est
866 752 914 788 ad
956 761 1132 789 sanctam
1180 754 1315 790 sedem
1352 768 1424 804 per
1465 755 1611 791 missos

122 816 276 855 domini
313 816 423 868 regis
461 815 612 866 Pipini.
652 815 837 853 Inclusus
856 830 952 853 vero
975 816 1174 854 Aistulsus
1197 832 1265 855 rex
1290 819 1414 869 Papia
1437 820 1609 865 civitate,

115 881 322 934 justiciam
351 889 490 918 sancto
514 877 637 918 Petro
656 881 861 932 pollicitus
885 889 946 919 est
968 896 1009 918 se
1034 883 1176 919 facere.
1204 883 1320 920 [Inde
1349 898 1418 921 rex
1442 885 1610 935 l'ipinus

121 947 287 985 obsides
319 959 371 983 XL
400 946 555 997 recepit
582 954 620 983 et
653 960 742 983 cum
766 956 1019 984 sacramento
1041 948 1209 985 firmatis
1250 962 1438 986 reversus
1473 958 1534 987 cst
1572 951 1610 987 in

120 1012 347 1050 Franciam.
404 1012 699 1049 carlomannus
754 1020 900 1058 autem,
962 1012 1180 1050 monachus
1233 1013 1387 1051 Vienna
1437 1015 1609 1057 civitate,

119 1077 316 1116 remansit
336 1091 415 1115 una
437 1090 525 1114 cum
542 1077 741 1115 Bertrada
762 1078 905 1128 regina
922 1077 1121 1122 infirmus,
1140 1087 1177 1115 et
1199 1079 1413 1130 languebat
1432 1094 1504 1131 per
1525 1081 1610 1118 dies

118 1143 262 1181 multos
301 1151 339 1180 et
378 1142 478 1180 obiit
513 1142 553 1180 in
588 1144 721 1194 pace².
766 1143 873 1180 Dum
907 1152 1038 1181 autem
1073 1157 1143 1181 rex
1172 1144 1342 1195 Pipinus
1371 1146 1610 1196 prospexis-

117 1214 202 1246 setu
233 1210 281 1246 ab
315 1207 492 1246 Aistulfo
524 1207 892 1260 Longobardorum
927 1222 1023 1260 rege
1059 1222 1104 1246 ea
1138 1223 1217 1247 non
1252 1224 1341 1247 esse
1375 1216 1497 1247 vera*
1535 1225 1610 1262 que

115 1282 231 1312 antea
243 1274 490 1326 promiserat
510 1274 558 1311 de
575 1272 754 1325 justiciis
780 1274 909 1311 sancti
932 1274 1057 1318 Petri,
1075 1275 1219 1312 iterum
1245 1275 1321 1313 iter
1342 1289 1543 1327 peragens
1571 1277 1610 1313 in

118 1339 286 1386 Italiam,
311 1340 479 1391 Papiam
502 1340 664 1377 obsedit
686 1348 723 1377 et
744 1339 964 1377 Aistulsum
986 1340 1165 1385 inclusit,
1188 1349 1224 1378 et
1245 1341 1371 1393 magis
1400 1342 1610 1393 magisque

117 1404 353 1457 dejusticiis
377 1405 504 1442 sancti
526 1405 639 1443 Petri
666 1405 932 1448 confirmavit,
950 1414 992 1443 ut
1007 1406 1172 1443 stabiles
1189 1415 1489 1457 permanerent,
1508 1407 1611 1444 sicut

115 1471 376 1522 promiserat,
396 1479 434 1508 et
456 1470 626 1521 insuper
648 1471 882 1508 Ravennam
905 1480 943 1509 et
965 1471 1220 1522 Pentapolim
1243 1481 1281 1509 et
1302 1486 1460 1509 omnem
1492 1486 1607 1510 exar-

116 1536 273 1573 chatum
295 1535 542 1586 conquisivit
564 1544 602 1573 et
636 1544 775 1573 sancto
799 1536 922 1573 Petro
952 1537 1132 1574 tradidit.
1171 1537 1221 1574 Et
1251 1551 1418 1575 reverso
1459 1537 1607 1589 Pipino

114 1614 211 1652 rege
226 1601 266 1638 in
280 1601 506 1645 Franciam,
524 1601 711 1652 cupiebat
723 1601 923 1638 Aistulsus
939 1603 1136 1639 nefandus
1153 1602 1312 1639 mentiri
1329 1611 1366 1640 et
1382 1603 1607 1654 irrumpere

114 1675 365 1704 sacramenta
381 1679 458 1717 que
481 1666 515 1703 ei
531 1665 755 1717 juraverat,
775 1674 813 1704 et
835 1668 1006 1717 quadam
1037 1667 1115 1711 die,
1140 1667 1181 1704 in
1203 1668 1430 1713 venatione,
1474 1668 1607 1705 subito

114 1731 502 1784 percussusjudicio
518 1732 610 1777 Dei,
633 1741 817 1769 mortuus
840 1740 915 1769 est.

169 1801 231 1836 58.
253 1820 306 1826 -
327 1797 486 1835 Interea
507 1797 616 1835 misit
632 1798 927 1835 Constantinus
946 1798 1169 1849 imperator
1210 1798 1295 1849 regi
1330 1798 1478 1849 Pipino
1519 1812 1606 1836 cum

113 1862 203 1900 aliis
226 1862 345 1900 donis
368 1876 542 1914 organas
575 1862 765 1900 mirificas
801 1876 900 1914 quas
935 1863 975 1899 in
1011 1863 1180 1900 Francia
1214 1863 1366 1914 posuit.
1401 1863 1511 1900 Tunc
1537 1877 1606 1900 rex

115 1928 289 1980 Pipinus
339 1928 477 1966 habuit
523 1928 715 1979 placitum
756 1942 844 1965 cum
877 1928 1045 1965 Francis
1086 1929 1126 1965 in
1164 1929 1433 1980 Cuiupendio,
1470 1929 1607 1979 ibique

115 1993 290 2040 Tassilo,
314 1993 394 2031 dux
409 1992 707 2044 Bajoariorum‚
726 1993 766 2030 in
784 1993 987 2030 vassatico
1005 2007 1047 2030 se
1064 1994 1365 2037 commandams,
1378 2007 1452 2044 per
1467 2007 1606 2030 manus

114 2072 208 2096 suas
231 2057 645 2110 sacramentajuravit
667 2059 791 2096 multa
813 2073 937 2110 super
969 2059 1162 2110 reliquias
1198 2067 1427 2096 sanctorum
1466 2072 1606 2096 manus

113 2124 329 2175 imponens
353 2132 391 2161 et
410 2123 644 2161 fidelitatem
666 2123 753 2175 regi
769 2124 960 2175 promisit
988 2124 1136 2175 Pipino
1159 2132 1195 2161 et
1217 2124 1309 2160 filiis
1326 2122 1428 2175 ejus,
1460 2125 1606 2160 domno

116 2190 266 2227 Karolo
288 2197 326 2227 et
348 2189 635 2236 carlomanno,
654 2189 757 2227 sicut
777 2203 922 2227 vassus
948 2190 1122 2227 dominis
1158 2190 1242 2227 suis
1265 2203 1354 2226 esse
1377 2190 1520 2234 (leliet3
1550 2189 1606 2225 sic

115 2255 371 2293 confirmavit
393 2268 517 2306 supra
532 2268 707 2306 corpora
733 2263 966 2292 sanctorum
997 2255 1190 2301 Dionisii,
1227 2254 1384 2291 Rustici
1418 2262 1455 2291 et
1483 2254 1606 2291 Eleu-

117 2320 254 2367 therii‚
279 2320 407 2358 sancti
430 2319 622 2357 Germani
657 2328 695 2358 et
729 2320 857 2357 sancti
880 2320 1044 2357 Martini
1066 2329 1107 2357 ut
1137 2319 1325 2357 omnibus
1354 2319 1495 2355 diebus
1527 2319 1605 2355 vite

117 2400 188 2424 sue
211 2385 268 2423 sic
287 2394 550 2423 conversaret
566 2385 669 2423 sicut
691 2385 953 2423 sacramentis
970 2386 1228 2436 promiserat.
1254 2384 1448 2421 Similiter
1477 2384 1606 2421 homi-

120 2463 193 2487 nes
209 2448 295 2501 ejus
312 2448 486 2501 majores
508 2458 602 2487 natu
624 2448 868 2500 juraverunt
889 2458 927 2487 et
957 2450 1048 2500 ipso
1070 2463 1190 2493 anno,
1215 2449 1352 2486 Natale
1376 2448 1538 2485 Domini
1569 2456 1605 2485 et

116 2515 272 2552 Pascha
285 2515 529 2552 celebravit¹
545 2515 585 2551 in
600 2514 854 2552 Corbonaco.
875 2515 1032 2552 Deinde
1046 2515 1085 2551 in
1103 2514 1313 2551 Saxoniam
1331 2527 1404 2564 per
1419 2514 1603 2550 virtutem

116 2579 281 2617 intravit
300 2579 341 2616 in
363 2579 452 2617 loco
475 2579 543 2630 qui
565 2579 714 2617 dicitur
732 2579 886 2617 Simia*
908 2587 946 2616 et
967 2579 1111 2616 multas
1134 2587 1290 2629 strages
1307 2579 1354 2615 de
1378 2577 1604 2614 Saxonibus

120 2643 224 2681 fecit.
250 2643 301 2681 Et
320 2651 414 2681 tunc
438 2643 619 2681 Saxones
641 2644 812 2695 polliciti
833 2653 927 2682 sunt
942 2653 1082 2682 contra
1104 2643 1291 2694 Pipinum
1320 2644 1448 2680 facere
1464 2654 1603 2679 omnes

159 2790 205 2831 t*)
227 2789 367 2820 DCCLX
388 2790 469 2821 add.
499 2790 535 2821 C.
554 2809 592 2813 —
612 2791 648 2830 u)
669 2791 907 2832 perspexisset
928 2791 963 2823 F.
998 2791 1037 2823 G.
1061 2808 1100 2813 —
1123 2791 1153 2830 v)
1185 2800 1263 2819 vern
1305 2790 1395 2818 (locst
1428 2790 1464 2821 D.
1502 2790 1536 2822 E.
1568 2789 1600 2820 F.

117 2849 157 2854 —
176 2834 210 2872 x)
236 2831 426 2863 celebravit
445 2843 503 2862 rex
524 2831 560 2868 F,
583 2831 623 2864 G.
646 2850 684 2854 —
705 2835 738 2872 y)
773 2832 907 2863 Sithnia
929 2832 965 2867 F.
988 2833 1024 2864 G.
