1908 3256
285 327 358 363 102
803 338 990 363 Ani-,imm
1021 337 1262 363 cunoxmox

282 427 527 478 imperatore
557 436 594 465 et
623 441 712 464 cum
734 426 1021 473 Ambulabatb,
1051 441 1148 478 rege
1184 427 1398 478 Hispanie.
1443 427 1543 465 Nam
1580 427 1778 466 Nikeforo

282 492 490 530 Venetiam
514 487 707 538 reddidit',
733 502 771 531 et
793 493 989 531 Enricum
1014 493 1216 539 comitem,
1240 493 1336 531 olim
1359 507 1380 531 a
1403 493 1644 531 Sarracenis
1682 507 1780 545 cap-

281 567 378 603 tum,
397 558 594 596 Ambulaz
610 559 856 605 remittente,
873 560 1041 610 recepit.
1059 558 1119 596 Eo
1136 572 1256 605 anno,
1282 559 1344 596 sol
1365 567 1403 596 et
1425 559 1520 596 luna
1540 559 1603 596 bis
1620 559 1782 597 defece-

282 632 391 669 runt,
409 624 471 661 sol
486 630 561 661 V110
583 624 674 662 idus
692 623 799 676 junii
823 633 861 662 et
878 637 906 662 11
923 625 1118 662 kalendas
1141 624 1566 670 dece1nbris,lunax10
1580 624 1778 663 kalendas

283 689 391 740 julii⁰
413 698 450 727 et
473 695 595 726 xvms’
616 689 695 726 kal.
716 688 909 741 januarii.
937 689 1109 728 Corsica
1130 690 1264 727 insula
1285 703 1307 726 a
1322 689 1478 727 Mauris
1502 698 1620 741 capta
1641 698 1717 736 est,
1742 698 1781 729 et

281 755 457 793 Amoroz
475 754 733 801 etAmbulas‚
746 755 852 793 filius
869 755 1138 801 Abderrama,
1154 756 1202 793 de
1220 755 1548 807 Caesaraugusta
1565 756 1777 807 expulsus,

282 830 320 860 et
341 822 488 859 Oscam
511 822 663 859 intrare
687 821 925 873 compulsus
949 830 1023 859 est.
1051 821 1276 859 Godesrido
1299 821 1509 859 Danorum
1531 835 1629 873 rege
1669 835 1779 860 mor-

280 897 363 933 tuo,
377 887 593 939 Emingus,
609 888 716 925 filius
732 888 868 925 fratris
884 887 988 939 ejus,
1003 888 1044 925 in
1060 900 1231 938 regnum
1247 885 1333 938 ejus
1364 888 1568 926 successit
1585 896 1623 926 et
1638 901 1779 940 pacem

280 967 369 991 cum
389 954 537 991 domno
561 953 711 991 Karolo
732 954 978 1005 imperatore
1003 954 1109 992 fecit.

334 1021 396 1057 23.
421 1041 472 1046 —
486 1017 688 1056 Absoluto
709 1019 844 1070 itaque
867 1027 905 1056 et
920 1019 1091 1056 dimisso
1113 1018 1273 1057 Arsafio
1288 1019 1484 1070 spatariO,
1504 1018 1781 1071 legatoimpe-

278 1085 443 1130 nitoris,
469 1083 651 1135 ejusdem
669 1085 783 1136 pacis
819 1085 1095 1122 confirmande
1130 1085 1261 1137 gratia
1300 1085 1423 1136 legati
1451 1085 1499 1122 ab
1533 1084 1780 1136 imperatore

280 1150 680 1201 Constantinopolim
717 1151 947 1196 mittuntur,
990 1150 1031 1188 id
1073 1159 1135 1189 est
1168 1150 1274 1188 Aido
1322 1151 1545 1202 episcopus
1586 1159 1624 1188 et
1646 1149 1777 1202 Ugod,

279 1229 414 1254 comes
431 1215 676 1259 Turonicus,
703 1224 741 1253 et
762 1215 884 1267 Aigo,
915 1228 1052 1253 comes
1074 1216 1124 1253 de
1149 1214 1362 1268 Forojulii,
1391 1225 1429 1253 et
1451 1215 1549 1262 Leo,
1575 1215 1779 1267 spatarius

279 1281 555 1333 imperatoris,
572 1290 609 1319 et
624 1281 868 1327 wilencus,
887 1282 969 1319 dux
991 1281 1177 1320 Venetie.
1198 1281 1250 1320 Et
1272 1281 1459 1319 condicta
1479 1281 1586 1318 inter
1607 1281 1779 1332 impera-

278 1357 406 1385 torem
430 1356 468 1385 et
488 1347 725 1399 Emingum,
749 1361 889 1398 regem
908 1347 1136 1394 Danorum,
1157 1361 1251 1400 pax,
1270 1356 1442 1399 propter
1457 1346 1603 1384 hiemis
1625 1347 1778 1398 asperi—

278 1421 398 1451 tatem
433 1425 512 1463 qua
542 1412 649 1449 inter
682 1421 819 1463 partes
861 1413 1114 1450 commeandi
1145 1413 1211 1451 via
1252 1413 1532 1458 claudebatur,
1574 1412 1615 1449 in
1654 1412 1778 1451 armis

273 1478 408 1530 jurata
429 1486 630 1524 servatur,
654 1478 799 1525 donec,
825 1479 1023 1516 redeunte
1038 1478 1148 1516 veris
1170 1478 1384 1530 temperie,
1400 1478 1555 1529 apertis
1570 1477 1779 1524 viis,con-

277 1544 437 1596 gregati
459 1552 554 1581 sunt
573 1557 622 1581 ex
643 1552 814 1595 utraque
835 1552 951 1596 parte
975 1544 1122 1582 Franci
1144 1553 1182 1582 et
1204 1544 1325 1590 Dani,
1344 1543 1559 1582 duodecim
1573 1543 1778 1595 primores

278 1623 325 1647 ex
344 1610 501 1647 duabus
520 1609 721 1660 partibuS,
743 1611 967 1647 secundum
988 1610 1110 1648 ritum
1127 1623 1171 1647 ac
1187 1623 1341 1647 morem
1360 1623 1493 1656 suum,
1512 1609 1778 1648 sacramentis

277 1688 418 1726 pacem
438 1675 715 1712 firmaverunt.
737 1675 918 1713 Fuerunt
937 1675 1082 1713 Franci
1097 1688 1157 1713 ΧΠ
1174 1675 1344 1713 comites
1361 1684 1399 1713 et
1411 1675 1516 1713 Dani
1532 1687 1592 1712 ΧΗ
1609 1675 1777 1713 comites

278 1741 347 1792 qui
387 1753 529 1792 pacem
559 1739 816 1792 juraverunt.
861 1740 975 1778 Tunc
1015 1741 1254 1793 imperator,
1274 1754 1373 1793 pace
1413 1741 1649 1778 confirmata
1687 1754 1777 1779 cum

279 1806 470 1858 Emingo,
490 1805 685 1858 placitum
710 1820 827 1844 suum
851 1806 991 1844 habuit
1011 1806 1161 1858 Aquis,
1180 1814 1218 1844 et
1234 1807 1274 1844 in
1292 1815 1376 1844 tres
1398 1815 1537 1858 partes
1573 1806 1691 1858 regni
1714 1806 1777 1845 sui

278 1871 498 1909 exercitum
521 1871 681 1909 divisit:
707 1885 829 1909 unum
847 1880 959 1909 trans
982 1871 1142 1910 Albiam
1166 1873 1207 1910 in
1229 1872 1411 1910 Linones
1448 1885 1552 1923 quos
1583 1872 1774 1918 vastavit,

277 1946 315 1975 et
337 1936 547 1975 castellum
564 1937 737 1982 Obvoci,
764 1938 972 1988 superiori
995 1951 1100 1975 anno
1123 1951 1145 1975 a
1165 1937 1315 1976 Wilzis
1338 1938 1605 1984 destructum,
1629 1937 1670 1975 in
1685 1938 1776 1989 ripa

275 2002 393 2040 Albie
415 2002 592 2040 fluminis
614 2003 878 2048 restauravit3
904 2002 1074 2040 alterum
1096 2003 1137 2040 in
1178 2002 1414 2041 Pannonias
1431 2011 1571 2041 contra
1612 2003 1772 2050 Hunos,

274 2068 445 2106 tercium
468 2068 509 2105 in
532 2067 740 2106 Britones.
768 2068 846 2116 Qui
862 2082 1020 2114 omnes,
1045 2069 1168 2106 rebus
1196 2082 1399 2121 prospere
1427 2068 1574 2120 gestis,
1615 2068 1774 2106 incolo-

275 2148 361 2171 mes
384 2134 566 2185 regressi
590 2134 747 2171 suntad
769 2134 1072 2185 imperatorem.
1100 2133 1195 2185 Ipse
1217 2143 1365 2181 autem,
1390 2142 1562 2186 propter
1600 2134 1773 2172 classem

275 2213 394 2251 quam
416 2213 522 2237 anno
550 2199 764 2250 superiore
780 2199 868 2236 fieri
884 2199 1100 2251 imperavit
1120 2200 1353 2246 videndam,
1378 2201 1427 2238 ad
1443 2200 1656 2246 Bonoiam,
1673 2200 1774 2239 civi-

273 2274 395 2303 tatem
420 2265 677 2311 maritimam,
702 2265 891 2311 accessit,
916 2266 1129 2317 farumque
1163 2266 1218 2303 ibi
1239 2266 1289 2304 ad
1311 2266 1592 2317 navigantium
1625 2280 1771 2304 cursus

275 2331 515 2382 dirigendos
532 2331 757 2382 antiquitus
780 2331 1041 2368 constitutam
1057 2331 1316 2378 restauravit,
1330 2339 1369 2370 et
1383 2332 1424 2368 in
1441 2331 1670 2370 summitate
1685 2330 1772 2383 ejus

273 2406 516 2435 nocturnum
539 2397 675 2448 ignem
698 2397 898 2443 accendit,
924 2405 962 2434 et
978 2397 1072 2435 inde
1100 2397 1150 2434 ad
1185 2397 1364 2434 Scaldim
1401 2397 1573 2435 veniens
1606 2397 1772 2435 fluvium

273 2463 313 2500 in
330 2463 419 2500 loco
442 2462 511 2513 qui
527 2462 676 2500 dicitur
698 2461 832 2507 Gand,
867 2462 1041 2499 classem
1081 2463 1306 2500 edificatam
1347 2462 1523 2514 aspexit,
1564 2470 1603 2500 et
1638 2463 1771 2501 medio

273 2528 511 2567 novembrio
532 2527 664 2579 Aquis
696 2528 832 2574 rediit,
864 2536 902 2565 et
943 2528 1211 2566 obviaverunt
1242 2528 1277 2566 ei
1310 2527 1434 2579 legati
1466 2526 1632 2579 Emingi
1660 2527 1771 2580 regis

273 2608 362 2632 cum
384 2594 622 2632 muneribus
640 2602 678 2631 et
699 2593 881 2645 pacificis
898 2593 1052 2631 verbis.
1079 2593 1290 2632 Venerunt
1313 2593 1432 2632 etiam
1461 2591 1593 2644 Aquis
1622 2593 1692 2645 qui
1719 2593 1776 2631 de-

271 2658 484 2697 Pannonia
497 2668 698 2698 venerunt
719 2659 930 2711 principes
963 2667 1001 2697 et
1034 2659 1159 2698 duces
1195 2668 1233 2698 et
1270 2659 1474 2711 primores
1510 2659 1767 2706 Sclavorum,

270 2725 377 2763 circa
399 2725 631 2763 Danubium
649 2724 931 2772 habitantium,
951 2738 1042 2763 cum
1058 2726 1311 2764 muneribus.
1333 2724 1509 2763 Karolus
1529 2724 1767 2771 vero,filius

311 2850 348 2890 b)
369 2850 538 2880 Ambulaz
559 2849 596 2886 F,
620 2849 660 2881 G.
684 2867 722 2872 —
743 2850 774 2890 c)
789 2853 822 2880 et
837 2850 867 2880 11
883 2849 944 2881 k...
966 2848 1045 2890 julii
1060 2849 1162 2891 ‚deest
1176 2849 1212 2886 F,
1235 2849 1276 2881 G.
1291 2867 1330 2873 —
1351 2850 1386 2891 d)
1408 2849 1556 2890 HugoE,
1578 2848 1617 2886 F,
1639 2849 1680 2881 G.
