1908 3256
300 271 346 306 1‘2
871 279 1054 304 ,inituim
1088 278 1329 303 cunoxlcox

298 370 410 420 quid,
437 378 474 406 et
496 378 585 406 ante
609 369 796 407 ecclesie.
816 369 854 404 in
876 367 1103 411 atriculam,
1123 367 1162 403 in
1185 367 1317 404 medio
1339 380 1568 418 pauperum
1590 368 1797 406 consedit.

297 436 532 472 Transactis
557 435 690 484 itaque
715 435 930 470 missarum
956 433 1214 483 solempniis,
1240 432 1473 470 Crochildis
1491 431 1606 484 juxta
1626 447 1798 471 consue-

296 502 476 538 tudinem
513 500 671 536 solitam
695 499 801 549 repit
824 499 1089 535 elemosinam
1113 499 1208 535 dare
1231 499 1507 548 pauperibus;
1544 512 1716 550 cumque
1750 500 1800 537 ad

297 567 559 604 Aurelianum
577 578 797 616 pauperem
817 579 858 600 se
876 563 1133 600 simulantem
1146 563 1345 608 venisset,
1364 564 1475 601 misit
1490 577 1656 601 aureum
1675 577 1800 602 unum

296 633 334 668 in
353 646 470 669 manu
489 630 590 682 (jus.
606 630 655 666 Et
678 630 743 666 ille
763 629 952 666 osculans
970 643 1130 665 manum
1148 629 1279 680 ipsius
1296 629 1431 679 puelle
1448 629 1615 666 retraxit
1631 629 1798 680 pallium

297 696 384 747 ejus
408 706 534 734 retro.
560 697 659 733 Post
681 695 768 734 hec,
788 695 855 732 illa
875 695 1064 745 ingressa
1080 693 1311 731 cubiculum
1329 708 1462 740 suum,
1481 693 1591 731 misit
1612 694 1799 732 ancillam

296 776 408 798 suam
442 774 587 799 vorare
618 760 882 811 peregrinum
921 759 1048 796 illum.
1072 758 1125 797 At
1165 759 1247 804 ille,
1272 759 1435 796 anulum
1468 758 1665 796 Clodovei
1686 760 1798 812 regis

296 841 413 864 manu
453 836 611 873 tenens,
637 826 794 876 reliqua
817 834 1053 862 ornamenta
1087 825 1298 876 sponsalia
1330 825 1512 876 reposita
1534 826 1737 864 retinebat
1758 826 1799 863 in

295 893 456 929 sacculo
481 906 569 937 suo,
595 892 738 929 relicto
761 905 807 928 eo
830 900 941 928 retro
964 904 1083 928 secus
1100 890 1301 928 hostiumc
1318 904 1491 928 camere.
1518 891 1594 929 Cui
1616 891 1671 929 ait
1693 891 1799 929 Cro-

295 958 466 995 childis:
494 975 510 993 α
538 958 612 995 Die
637 957 748 996 mihi.
773 957 892 994 homo
910 955 1092 1007 juvenis,
1119 970 1192 994 cur
1218 966 1255 994 te
1278 970 1502 1008 pauperem
1525 957 1710 1004 simulas,
1733 957 1799 995 vel

297 1039 314 1057 «
347 1037 423 1073 pro
440 1037 518 1074 qua
534 1036 655 1059 causa
672 1021 879 1059 retraxisti
897 1021 1064 1072 pallium
1081 1035 1213 1058 meum
1235 1024 1249 1058 Ρ
1268 1037 1284 1056 ))
1305 1021 1356 1058 Et
1371 1021 1438 1058 ille
1455 1021 1557 1059 dixit
1576 1037 1583 1059 :
1602 1038 1619 1057 «
1639 1021 1797 1073 Loqua-

347 1097 426 1133 tur,
479 1090 668 1132 obsecro,
721 1101 865 1124 servus
902 1095 996 1124 tuus
1039 1095 1199 1124 secreto
1237 1095 1387 1124 tecum.
1432 1102 1449 1122 »
1503 1086 1556 1125 Et
1602 1087 1671 1124 illa
1709 1087 1764 1125 ait
1788 1103 1795 1125 :

349 1153 586 1204 Loquere».
615 1153 692 1200 Qui
709 1153 810 1190 dixit
832 1168 838 1189 :
861 1169 878 1187 ‹<
904 1152 1105 1189 Dominus
1122 1166 1236 1189 meus
1255 1151 1505 1198 Clodoveus,
1522 1166 1594 1190 rex
1616 1153 1797 1191 Franco-

347 1232 451 1264 rum,
468 1219 577 1256 misit
597 1232 658 1255 me
674 1219 722 1255 ad
738 1227 791 1263 te,
806 1227 843 1255 et
859 1218 944 1255 vult
962 1227 1000 1255 te
1019 1217 1169 1255 habere
1188 1219 1387 1269 reginam.
1404 1217 1511 1255 Ecce
1536 1218 1681 1255 anulus
1708 1216 1796 1270 ejus

348 1293 385 1321 et
404 1285 562 1335 reliqua
585 1293 822 1321 ornamenta
839 1283 1064 1334 sponsalia.
1086 1299 1102 1317 >³
1124 1283 1202 1331 Qui
1225 1292 1268 1321 ut
1289 1283 1474 1335 respexit
1488 1293 1599 1321 retro
1616 1283 1796 1321 hostium

292 1363 466 1395 camere,
490 1364 570 1387 non
593 1350 749 1387 invenit
772 1349 978 1386 sacculum
1015 1362 1133 1386 suum
1156 1358 1193 1386 et
1227 1349 1428 1387 molestus
1451 1349 1561 1401 cepit
1595 1348 1794 1387 tristarid.

292 1415 364 1452 Illa
382 1429 479 1452 vero
503 1415 676 1452 sollicite
709 1428 798 1452 curn
821 1428 910 1451 eum
933 1414 1179 1465 requireret,
1204 1414 1284 1451 ait:
1312 1431 1328 1449 «
1355 1415 1457 1462 Quis
1479 1414 1572 1452 tulit
1600 1414 1797 1466 pauperis

294 1497 310 1515 ι(
344 1480 462 1517 istius
480 1480 789 1517 sacci1luni?»Et
804 1479 959 1517 invenit
972 1480 1323 1531 eum‚recepitque
1339 1479 1407 1517 illa
1420 1488 1658 1518 ornamenta
1673 1493 1796 1531 spon-

291 1546 390 1583 salia
411 1547 662 1583 abscondite.
683 1545 947 1596 Acceptoque
969 1545 1118 1582 annulo
1142 1559 1261 1596 quem
1285 1545 1520 1584 Clodoveus
1537 1559 1609 1583 rex
1629 1546 1799 1583 miserat

290 1625 365 1661 per
385 1611 666 1657 Aurelianum,
683 1611 871 1662 reposuit
887 1611 999 1648 illum
1017 1611 1057 1648 in
1073 1611 1266 1649 thesauro
1288 1611 1477 1655 avunculi
1497 1611 1582 1648 sui:
1601 1627 1618 1646 «
1643 1611 1797 1649 Clodo-

296 1104 304 1122 (

305 1105 312 1122 Α

297 1170 305 1187 (

296 1236 304 1253 (

305 1235 312 1253 Λ

296 1301 303 1319 (

294 1693 309 1711 (ι
344 1691 434 1723 veo,
453 1678 610 1728 inquid,
628 1677 797 1714 salutem
811 1677 951 1723 dicito,
979 1676 1135 1714 licitum
1153 1691 1234 1714 non
1254 1685 1316 1713 est
1330 1676 1594 1714 christianam
1612 1682 1796 1728 paganoe

294 1758 310 1776 α
344 1744 514 1779 nubere.
540 1742 641 1779 Vide
658 1750 698 1779 ut
716 1741 816 1778 hanc
833 1755 994 1778 causam
1012 1755 1131 1778 nemo
1149 1742 1263 1779 sciat.
1284 1741 1500 1788 Quomodo
1517 1740 1635 1793 jubet
1650 1741 1798 1779 Domi-

294 1824 309 1841 «
344 1821 420 1844 nus
444 1808 555 1845 Deus
573 1821 701 1853 meuS,
721 1820 839 1857 quem
858 1820 933 1858 ego
951 1820 1088 1844 coram
1109 1807 1299 1844 omnibus
1322 1807 1533 1853 confiteor,
1550 1807 1609 1844 sic
1627 1807 1714 1844 fiat!
1736 1807 1796 1845 Tu

294 1890 310 1907 «
344 1887 456 1918 vero,
479 1875 579 1911 vade
614 1874 653 1910 in
676 1886 774 1924 pace
805 1888 838 1909 >³.
883 1872 935 1909 At
957 1872 1025 1909 ille
1065 1873 1251 1918 veniens,
1277 1873 1480 1911 nuntiavit
1520 1872 1595 1911 hec
1629 1872 1794 1910 domino

293 1952 381 1976 suo,

346 2007 409 2042 11.
436 2027 487 2031 —-
507 2003 625 2041 Anno
649 2004 824 2051 secutos,
845 2005 955 2042 misit
980 2004 1215 2042 Clodoveus
1248 2003 1515 2041 Aurelianum
1552 2002 1794 2053 legatarium

293 2083 408 2106 suum
430 2071 478 2106 ad
502 2071 797 2107 Gundebadum
820 2085 896 2121 pro
933 2084 1086 2122 sponsa
1125 2083 1197 2107 sua
1237 2069 1473 2106 Crochilde.
1497 2067 1684 2105 Audiens
1720 2067 1795 2105 hec

295 2134 589 2181 Gundebadus,
612 2136 781 2173 territus
803 2137 941 2181 corde,
969 2136 1021 2173 ait
1044 2151 1050 2172 :
1085 2152 1101 2171 α
1127 2135 1181 2173 Ut
1220 2135 1351 2172 sciant
1392 2147 1535 2172 omnes
1577 2133 1795 2171 fortissimi

295 2217 310 2233 a
347 2200 573 2237 consiliarii
615 2209 653 2237 et
692 2201 808 2238 amici
845 2202 923 2238 mei
967 2201 1290 2252 Burgundiones
1332 2200 1494 2251 qualem
1534 2198 1794 2236 occasionem

296 2281 310 2300 κ
345 2274 490 2316 querat
540 2266 774 2303 Clodoveus
815 2268 1031 2304 adversum
1081 2280 1173 2311 nos,
1215 2279 1422 2317 nunquam
1467 2264 1582 2303 novit
1629 2272 1795 2315 neptem

296 2347 312 2366 «
346 2344 489 2367 meam.
512 2346 527 2365 >³
553 2331 604 2368 Et
623 2332 675 2368 ait
697 2333 746 2368 ad
762 2331 1027 2369 Aurelianum
1051 2347 1058 2368 :
1086 2348 1103 2367 (ι
1130 2332 1189 2369 Tu
1212 2332 1427 2383 explorare
1465 2329 1617 2368 venisti
1649 2330 1793 2367 domos

295 2413 311 2431 α
345 2405 508 2433 nostras
544 2397 757 2433 occasione
793 2399 1043 2448 querenda?¹
1078 2397 1267 2434 renuntia
1295 2396 1461 2434 domino
1488 2404 1580 2433 tuo:
1622 2394 1795 2432 Frustra

296 2477 312 2495 α
347 2461 600 2497 mendacium
622 2461 780 2499 locutus
804 2471 865 2500 est
903 2462 1052 2499 habere
1089 2476 1283 2513 sponsam
1324 2470 1490 2512 neptem
1525 2465 1708 2497 meam.»
1742 2459 1796 2497 Et

292 2525 537 2563 Aurelianus
560 2535 797 2564 constanter
813 2528 997 2578 loquitur
1020 2528 1161 2564 dicens
1185 2528 1221 2564 ei
1245 2543 1251 2563 :
1282 2543 1298 2562 α
1320 2526 1388 2564 Sic
1409 2526 1572 2563 mandat
1602 2525 1792 2563 dominus

295 2607 310 2625 (t
346 2605 474 2636 meus,
499 2591 730 2629 Clodoveus
754 2606 839 2638 rex,
866 2593 900 2629 si
921 2593 984 2630 vis
1008 2593 1043 2630 ei
1067 2594 1164 2630 dare
1207 2605 1401 2644 sponsam
1425 2604 1554 2638 suam,
1588 2590 1723 2628 locum
1756 2591 1792 2628 ei

333 2727 363 2767 c)
391 2728 518 2758 ostium
540 2729 579 2759 F.
599 2747 637 2751 —
658 2729 692 2762 dl
725 2729 925 2759 contristari
948 2730 986 2760 D.
1010 2730 1045 2761 F,
1070 2729 1110 2759 G.
1132 2747 1170 2751 —
1192 2731 1220 2769 e)
1250 2739 1429 2769 paganam
1451 2729 1488 2763 A,
1512 2728 1549 2764 F,
1568 2727 1608 2759 G.
1629 2745 1664 2750 —
1688 2728 1713 2768 f)
1743 2726 1793 2757 in-

295 2774 424 2805 secuto,
448 2770 485 2805 D,
510 2770 546 2805 E,
566 2770 599 2805 F.
619 2770 657 2801 G.
683 2788 723 2792 —-
745 2782 776 2810 g,
801 2771 988 2810 quaerendi
1011 2771 1046 2801 F.
1071 2772 1114 2802 G.
