1908 3256
655 340 770 364 mni-:n
804 341 1013 365 sncuxnus
1506 336 1574 370 107,

91 440 283 465 reversus
300 434 375 472 est;
390 427 578 479 deposito
591 429 1030 474 diademate‚m0nacus
1049 432 1174 469 factus
1189 433 1409 475 ost,dic‹·ns
1426 448 1467 469 sc
1485 448 1574 471 esso

90 493 303 544 indignum
324 493 496 544 irnperio
516 494 610 544 quia
626 495 756 531 victus
778 496 928 540 fuerat;
961 496 1000 533 in
1023 496 1136 547 cujus
1166 498 1295 534 locum
1334 498 1414 534 Leo
1447 500 1574 550 impc-

89 567 200 597 rator
218 558 518 604 constituitur&
543 559 648 596 filius
666 560 790 597 Pardi
806 561 979 611 patricii.
1008 560 1177 598 Crumas
1199 575 1310 606 vcro,
1331 576 1399 599 rex
1425 563 1575 614 Dulgu-

89 636 242 668 rorum,
266 623 335 674 qui
351 623 590 660 Nikeforum
607 624 895 675 imperatorem
917 634 1007 662 ante
1025 626 1127 663 duos
1155 640 1282 662 annos
1317 627 1574 664 interfecerat

89 697 128 726 et
147 687 386 726 Michaelem
420 688 468 726 de
506 688 635 726 Mesia
669 690 890 740 fugaverat,
933 691 1123 727 secundis
1164 692 1285 727 rebus
1319 691 1462 733 clatus,
1489 706 1575 728 cum

90 767 235 805 magno
254 754 433 791 exercitu
456 753 852 805 Constantinopolim
891 756 1051 793 obsedit
1072 764 1110 793 et
1139 755 1252 807 juxta
1286 764 1442 806 portam
1478 757 1576 793 civi-

88 819 181 858 tatis
203 827 335 857 castra
355 819 508 870 posuit.
535 819 664 874 Quem
686 828 776 857 ante
800 820 931 857 menia
971 821 1083 857 urbis
1115 821 1360 871 equitantem
1384 820 1464 858 Leo
1502 822 1576 858 im-

88 892 268 936 perator,
292 884 505 936 eruptione
527 884 640 922 solus
658 885 772 930 facta,
788 898 912 936 super
933 899 1022 923 eum
1040 886 1171 931 irruit,
1191 895 1227 923 et
1244 887 1422 937 graviter
1435 886 1577 923 vulno-

89 958 218 988 ratum
267 950 406 1001 fugere
470 950 663 1001 compulit
698 959 736 987 et
774 950 812 987 in
853 951 1023 1001 patriam
1074 951 1249 1002 turpiter
1300 952 1446 988 redire.
1500 950 1576 998 Qui

83 1028 302 1067 regressus
335 1015 376 1052 in
413 1015 601 1066 patriam,
626 1016 675 1052 de
706 1015 797 1066 ipso
828 1015 997 1053 vulnere
1032 1024 1126 1067 post
1159 1025 1240 1053 tres
1272 1017 1359 1053 dies
1393 1024 1575 1054 mortuus

88 1089 163 1119 est.

140 1160 202 1197 25.
226 1180 278 1186 —
299 1157 515 1209 Dompnus
536 1171 634 1195 vero
668 1158 882 1209 piissimus
917 1167 954 1196 et
987 1158 1315 1210 gloriosissimus
1353 1158 1575 1209 imperator

88 1223 279 1270 Karolus,
303 1224 397 1262 dum
424 1223 678 1275 Aquisgrani
712 1223 921 1269 hiemaret,
963 1237 1068 1261 anno
1110 1223 1410 1275 septuagesimo
1441 1223 1572 1274 primo

87 1289 204 1328 etatis
233 1303 320 1336 sue,
355 1289 472 1340 regni
503 1297 636 1326 autem
669 1289 983 1340 quadragesimo
1015 1289 1203 1340 septimo,
1240 1290 1403 1326 subacte
1440 1297 1571 1326 autem

86 1354 198 1393 ltalie
221 1354 537 1406 quadragesimo
560 1354 704 1400 tercio,
728 1354 890 1405 imperii
923 1367 1020 1392 vero
1058 1363 1201 1405 quarto
1235 1353 1407 1399 decimo,
1448 1354 1571 1391 rebus

87 1419 271 1458 humanis
289 1419 465 1457 excessit
484 1431 536 1456 xv
556 1418 637 1456 kal.
669 1419 878 1466 februarii,
918 1419 1115 1476 sepultus
1143 1418 1280 1476 Aquis
1314 1418 1357 1459 in
1392 1417 1570 1459 basilica

84 1491 166 1533 Dei
189 1490 436 1551 genitricis,
462 1506 591 1548 quam
614 1490 709 1547 ipse
726 1499 1047 1532 construxerat.
1064 1491 1233 1546 Corpus
1257 1490 1349 1545 ejus
1373 1488 1574 1530 aromati·

84 1571 228 1604 zatum
251 1570 293 1603 et
314 1561 359 1603 in
382 1561 485 1603 sede
505 1577 635 1603 aurea
657 1561 816 1603 sedens
839 1561 1009 1618 positus
1026 1570 1091 1603 est
1114 1561 1157 1602 in
1181 1569 1410 1602 curvatura
1432 1555 1575 1616 sepul]

85 1632 198 1684 chri,
223 1649 327 1675 ense
362 1648 494 1674 aureo
535 1632 776 1683 accinctus,
821 1632 1095 1692 evangelium
1131 1647 1310 1673 aureum
1338 1640 1493 1672 tenens
1531 1630 1573 1671 in

86 1703 287 1745 manibus
309 1712 353 1745 et
374 1703 578 1764 genibus,
598 1703 824 1745 reclinatis
846 1703 1042 1744 humeris
1064 1703 1108 1744 in
1124 1702 1347 1752 cathedra,
1368 1711 1410 1743 et
1433 1701 1573 1758 capite

85 1776 270 1817 honeste
293 1784 457 1826 erecto,
483 1775 619 1835 ligato
642 1791 773 1816 aurea
794 1775 978 1816 cathena
1000 1774 1053 1816 ad
1076 1774 1324 1820 <liademaq;
1353 1782 1392 1814 et
1421 1772 1464 1813 in
1488 1772 1574 1813 dia-

85 1847 256 1889 demate
276 1846 446 1907 lignum
475 1846 630 1888 Crucis
651 1846 861 1903 positum.
898 1847 953 1887 Et
980 1845 1264 1902 repleverunt
1291 1844 1573 1901 sepulchrum

85 1919 178 1975 ejus
201 1917 487 1968 aromatibus,
513 1917 772 1977 pigmentis,
798 1918 992 1958 balsamo
1016 1927 1055 1958 et
1078 1933 1231 1975 musgo
1257 1925 1299 1957 et
1314 1914 1569 1957 thesauris‘.

83 1989 301 2033 Vestitum
317 1998 384 2031 est
399 2004 560 2046 corpus
583 1990 676 2046 ejus
704 1988 975 2030 indumentis
995 1987 1315 2045 imperialibus,
1342 1995 1383 2028 ct
1400 1984 1573 2026 sudario

83 2062 164 2103 sub
186 2060 433 2102 diademate
467 2060 600 2102 facies
630 2061 724 2117 ejus
760 2069 913 2117 operta
936 2066 1037 2101 est⁵.
1063 2061 1297 2116 Sceptrum
1326 2072 1504 2099 aureum
1533 2065 1575 2096 ct

85 2141 256 2174 scutum
291 2133 506 2183 aureum‘,
538 2131 656 2189 quod
691 2133 778 2173 Leo
801 2147 913 2188 papa
946 2138 1294 2175 consecraverat,
1337 2137 1435 2169 ante
1477 2143 1571 2167 cum

85 2202 268 2260 positaU,
300 2207 367 2244 etv
409 2202 651 2263 sigillatum
691 2212 757 2244 est
801 2202 1085 2259 sepulchrum
1127 2201 1199 2242 ei¹.
1237 2202 1373 2242 Nemo
1408 2197 1571 2239 rcferr«¹

85 2283 247 2332 potest,
273 2283 462 2332 quantus
484 2290 566 2331 pro
590 2290 641 2315 eo
663 2273 807 2315 luctus
833 2273 965 2315 suerit
993 2288 1071 2330 per
1104 2272 1351 2314 universam
1378 2279 1539 2311 terram
1562 2285 1570 2317 ;

84 2360 184 2386 nam
242 2354 285 2386 et
347 2361 370 2386 a
426 2345 610 2405 paganis
674 2345 967 2404 plangebatur
1030 2343 1155 2401 quasi
1221 2350 1344 2399 pater
1404 2340 1523 2381 orbis
1540 2347 1568 2377 Υ.

84 2416 208 2458 Obiit
233 2432 337 2458 vero
361 2417 406 2458 in
433 2433 556 2474 pace,
599 2426 757 2459 unctus
785 2417 883 2459 oleo
917 2425 1068 2458 sancto
1102 2424 1144 2456 et
1176 2414 1332 2455 viatico
1357 2411 1567 2453 munitus,

123 2577 159 2618 p)
179 2578 406 2609 constituitur
425 2576 520 2606 deest
540 2577 576 2606 A.
601 2594 638 2599 -
653 2576 687 2617 q)
710 2587 749 2606 ac
771 2576 929 2606 diadema
947 2575 983 2608 F,
1007 2575 1046 2606 G.
1065 2591 1104 2596 —
1122 2573 1171 2612 r*)
1190 2571 1364 2602 thesauris
1394 2568 1510 2599 multis
1538 2567 1571 2597 in

82 2630 167 2649 auro
182 2620 264 2649 add.
285 2620 320 2650 C.
335 2620 430 2655 —s*)
446 2618 606 2648 Cilicium
619 2618 661 2647 ad
683 2629 824 2648 carnem
838 2618 912 2657 ejus
928 2617 1079 2657 positum
1096 2619 1159 2647 est,
1174 2613 1265 2654 quod
1285 2616 1415 2641 secreto
1435 2619 1573 2654 sempe-r

79 2660 303 2697 induebatur,
320 2666 354 2691 et
374 2671 480 2700 super
494 2659 716 2690 vestimensis
744 2658 988 2699 imperialibus
1004 2668 1087 2697 pera
1104 2654 1333 2697 peregrinnlis
1357 2662 1459 2682 aux-ca
1483 2661 1572 2690 pust-

82 2706 156 2732 tum
170 2707 233 2739 est,
249 2713 357 2743 quam
377 2703 522 2732 Romam
537 2706 680 2741 portare
701 2700 827 2731 solitus
849 2704 923 2731 erat
956 2699 1037 2728 add.
1055 2698 1176 2736 C.—t)
1191 2701 1223 2726 et
1251 2700 1386 2725 scutum
1415 2702 1570 2725 aureum,

82 2743 220 2774 deestC.
237 2762 276 2767 —
290 2745 327 2784 u)
346 2743 462 2785 posita
491 2747 571 2772 sunt
599 2742 633 2774 F.
657 2742 776 2783 posita
797 2753 824 2772 s.
848 2740 1079 2783 dependentia
1101 2738 1137 2769 C.
1151 2738 1249 2775 —-v*)
1264 2741 1297 2766 et
1317 2736 1473 2765 clausum
1488 2737 1522 2779 et
1543 2742 1568 2761 s.

83 2784 167 2815 add.
190 2785 226 2816 C.
248 2803 288 2809 —-
307 2785 341 2823 x)
362 2785 411 2815 eis
432 2786 469 2815 A.
486 2802 525 2807 —
539 2785 592 2824 γ’)
613 2783 785 2814 Maximus
801 2794 882 2815 vero
903 2783 1064 2825 planetus
1086 2780 1175 2811 inter
1201 2777 1412 2808 christianos
1448 2776 1523 2807 suit,
1541 2778 1573 2802 ct

82 2826 272 2867 praecipue
309 2837 373 2867 per
392 2826 595 2857 universum
627 2835 774 2865 regnum
812 2824 898 2865 ejus.
940 2824 1022 2855 0100
1053 2826 1172 2852 sancto
1200 2823 1314 2850 autem
1341 2818 1502 2847 inunctus
1526 2814 1568 2843 ab
