1908 3256
295 238 318 273 8
814 249 997 274 „mmmm
1030 248 1270 273 CHRONICON
1876 216 1908 290 n

295 348 333 376 et
355 339 531 376 nondum
552 338 769 376 Dominum
792 339 866 376 celi
889 353 932 376 ac
948 347 1055 376 terre
1084 338 1152 389 qui
1178 338 1357 376 creavit⁰
1373 351 1444 376 eos
1472 346 1793 389 cognoscentes.

301 405 395 442 Erat
417 418 578 455 quoque
593 411 687 441 tunc
704 404 741 441 in
759 404 835 441 ista
849 412 963 456 parte
981 403 1202 441 Galliarum
1225 417 1272 440 ex
1294 403 1490 441 Romanis
1507 403 1681 455 Egidius
1703 416 1790 448 rex,

297 472 344 508 ab
386 471 629 521 imperatore
664 470 829 507 missus.
874 469 1130 508 Childericus
1165 469 1299 520 itaque
1333 482 1419 514 rex,
1453 469 1560 506 filius
1594 468 1792 514 Merovei‚

295 550 383 574 cum
418 543 526 572 esset
554 535 672 572 nimis
708 535 958 580 luxuriosus,
989 543 1027 572 et
1062 543 1252 586 regnaret
1287 547 1411 585 super
1454 534 1650 579 Francos,
1687 534 1795 585 cepit

296 615 434 640 eorum
480 601 582 638 filias
618 601 799 638 diludere
833 609 951 652 atque
986 601 1213 638 destruere.
1259 599 1319 636 Illi
1359 609 1491 638 autem
1524 613 1614 637 cum
1647 599 1793 652 grandi

296 669 427 704 surore
449 675 619 718 propter
633 666 706 703 ho<-
731 666 1005 717 indignantes,
1023 665 1239 703 voluerunt
1267 665 1453 703 occidere
1483 679 1572 703 eum
1600 674 1639 703 et
1661 665 1792 703 eicere

296 734 343 770 de
372 746 498 783 regno
516 737 542 768 Ρ.
570 732 654 775 Ille,
686 731 780 769 haec
804 732 988 776 audiens,
1013 731 1171 769 vocavit
1199 731 1370 768 amicum
1393 745 1526 778 suum,
1550 731 1794 782 prudentem

296 798 572 836 consiliarium
588 803 617 840 sl,
643 798 804 834 nomine
833 797 1111 841 XViomadum‚
1142 805 1180 835 et
1213 797 1330 848 petiit
1352 810 1441 834 cum
1470 802 1545 834 eor
1579 797 1797 834 consilium

297 864 470 916 qualiter
507 864 663 900 animos
707 863 924 901 furentium
969 863 1219 900 Francorum
1260 872 1404 914 posset
1443 863 1646 915 mitigare.
1685 862 1798 900 Tunc

296 929 617 967 dederuntinter
639 943 680 966 se
704 929 865 980 signum
888 928 1062 979 qualiter
1091 937 1199 966 certa
1227 929 1375 965 indicia
1402 942 1654 980 cognoscere
1677 929 1798 966 debe-

298 1004 402 1040 rent,
428 995 461 1032 si
483 996 531 1032 ad
553 1008 691 1046 pacem
715 996 958 1045 quandoque
987 994 1207 1032 redissent.
1241 994 1352 1031 Tunc
1376 994 1603 1032 diviserunt
1624 994 1732 1032 inter
1754 1008 1797 1032 se

298 1075 463 1099 aureum
506 1075 628 1098 unuin
678 1075 753 1112 pro
796 1061 930 1112 signo.
974 1060 1105 1097 Unam
1139 1060 1395 1098 medietatem
1437 1060 1693 1098 Childericus
1728 1073 1801 1097 rex

299 1141 434 1165 secum
482 1127 679 1178 portavit,
730 1127 847 1164 aliam
889 1135 1045 1177 partem
1087 1126 1331 1163 wiomadus
1381 1126 1549 1163 retinuit
1598 1126 1738 1163 dicens
1791 1141 1798 1162 :

301 1210 316 1228 «
353 1193 523 1240 Quando
542 1193 657 1230 istam
679 1201 835 1244 partem
858 1192 931 1230 tibi
959 1192 1363 1237 transmisero,scias
1386 1206 1447 1229 me
1471 1192 1651 1229 Francos
1668 1201 1800 1230 tecum

298 1276 313 1294 α
348 1259 495 1296 habere
529 1268 709 1310 pacatOS,
754 1267 792 1296 et
835 1272 1004 1296 securus
1049 1266 1257 1295 revertere
1288 1258 1328 1294 in
1356 1271 1470 1309 pace.
1500 1274 1516 1292 n
1550 1256 1667 1296 Abiit
1700 1271 1799 1310 ergo

295 1324 551 1362 Childericus
593 1325 635 1362 in
679 1324 899 1376 Toringam
928 1329 939 1346 ⁵
985 1332 1023 1361 et
1070 1324 1175 1375 apud
1216 1337 1354 1375 regem
1396 1323 1584 1361 Bisinum
1636 1323 1802 1361 nomine

298 1390 426 1427 latuit.

349 1459 382 1493 6.
427 1478 478 1483 —
522 1456 667 1493 Franci
699 1469 812 1500 vero,
857 1455 1000 1493 relicto
1040 1455 1289 1500 Childerico,
1334 1455 1527 1507 Egidium
1566 1455 1797 1507 principem

299 1522 575 1559 Romanorum
610 1522 649 1559 in
678 1535 850 1573 regnum
886 1535 1011 1573 super
1045 1535 1088 1558 se
1125 1528 1368 1566 statuerunt,
1405 1520 1553 1559 malum
1583 1521 1803 1559 consilium

304 1596 537 1625 tractantes.
564 1588 641 1636 Qui
665 1602 753 1625 cum
770 1596 860 1625 octo
883 1601 1011 1625 annos
1030 1600 1154 1638 super
1176 1600 1246 1624 eos
1269 1594 1475 1639 regnaret,
1498 1587 1614 1625 finxit
1630 1601 1672 1625 se
1687 1587 1804 1625 Wio-

306 1654 445 1691 madus
476 1653 698 1691 amiciciam
734 1667 822 1691 cum
859 1667 905 1691 eo
943 1653 1114 1698 sociare,
1141 1653 1235 1690 dum
1269 1654 1317 1690 ab
1352 1666 1413 1697 eo,
1451 1652 1549 1703 quid
1589 1653 1802 1705 cogitaret,

304 1720 578 1770 agnosceret&
617 1719 866 1756 Hortabatur
900 1726 1030 1756 autem
1060 1718 1253 1770 Egidium
1287 1718 1412 1755 alicos
1439 1718 1620 1756 Francos
1662 1718 1804 1757 dolose

305 1785 552 1836 opprimere.
592 1784 661 1822 llle
684 1785 853 1822 audiens
876 1785 1093 1822 consilium
1123 1782 1226 1835 ejus,
1263 1783 1397 1821 acrius
1432 1783 1539 1835 cepit
1572 1784 1805 1835 opprimere

305 1864 389 1887 eos.
417 1850 477 1886 Illi
492 1863 589 1887 vero
606 1850 645 1887 in
666 1850 853 1887 timorem
877 1863 921 1887 ac
944 1850 1188 1887 seditionem
1203 1849 1328 1895 versi,
1352 1862 1493 1887 verum
1508 1854 1525 1870 ¹¹
1548 1849 1763 1887 consilium
1785 1863 1807 1887 a

305 1915 522 1953 wiomado
561 1916 817 1967 expetierunt
845 1916 942 1967 quid
978 1917 1107 1953 facere
1142 1917 1339 1953 deberent
1354 1921 1383 1952 V.
1419 1914 1472 1953 At
1495 1915 1562 1952 ille
1590 1915 1691 1952 dixit
1714 1915 1772 1953 eis
1795 1930 1802 1952 :

308 1999 323 2016 ιι
346 1982 478 2029 Quare
495 1996 575 2018 non
591 1982 862 2019 recordamini
879 1983 1084 2033 quomodo
1102 1980 1309 2033 ejecerunt
1330 1981 1503 2018 Romani
1526 1981 1806 2032 opprimentes

311 2064 325 2082 «
352 2056 514 2098 gentem
536 2056 713 2084 vestram
737 2056 774 2084 et
797 2048 845 2084 de
863 2061 1001 2084 eorum
1015 2056 1124 2085 terra
1139 2046 1346 2099 ejecerunt
1363 2060 1433 2084 eos
1459 2049 1473 2084 Ρ
1500 2047 1583 2084 Vos
1606 2060 1704 2084 vero
1727 2045 1804 2099 eje·

311 2130 326 2147 «
353 2113 466 2150 cistis
489 2126 626 2164 regem
648 2121 828 2150 vestrum
850 2113 988 2150 utilem
1007 2121 1043 2150 et
1061 2113 1301 2164 sapientem,
1327 2121 1365 2150 et
1380 2112 1571 2150 elevastis
1595 2125 1804 2163 supervos

310 2195 326 2213 «
352 2178 518 2215 militem
559 2178 680 2215 istum
729 2178 1004 2229 imperatori&
1058 2180 1279 2229 superbum
1329 2186 1448 2229 atque
1488 2177 1650 2224 elatum,
1693 2183 1806 2215 non’K

311 2260 326 2277 «
353 2245 502 2280 bonum
535 2243 748 2280 consilium
772 2243 940 2289 fecistis,
967 2245 1039 2280 sed
1060 2244 1182 2281 nimis
1205 2243 1367 2281 malum.
1390 2258 1405 2277 >³
1426 2243 1477 2281 Et
1498 2243 1556 2280 illi
1583 2243 1805 2294 responde-

308 2317 401 2346 runt
433 2324 439 2345 :
487 2309 710 2346 «Callidus
749 2309 854 2346 enim
890 2318 975 2346 erat
1014 2309 1175 2346 nobisY.
1211 2309 1375 2347 Penitet
1410 2322 1485 2346 nos
1534 2308 1609 2346 hoc
1659 2308 1806 2346 fecisse

309 2392 324 2409 α
345 2383 485 2412 contra
505 2388 643 2426 regem
665 2383 864 2412 nostrum.
906 2375 1069 2412 Utinam
1105 2374 1398 2412 meruissemus
1430 2374 1614 2412 invenire
1637 2387 1742 2420 eum,
1768 2381 1807 2412 et

308 2457 324 2474 «
351 2454 438 2477 cum
460 2454 558 2491 pace
590 2448 781 2491 regnaret
803 2454 927 2491 super
961 2454 1050 2477 nos.
1079 2456 1095 2474 ³)
1123 2440 1234 2478 Tunc
1265 2440 1417 2478 amicus
1452 2439 1658 2491 ille'regis
1695 2438 1807 2477 misit

304 2514 460 2557 partem
478 2505 597 2542 solidi
621 2511 763 2556 quemZ
779 2505 893 2556 prius
916 2506 1023 2542 inter
1046 2519 1088 2542 se
1112 2506 1354 2551 diviserant,
1386 2506 1526 2543 dicens
1547 2521 1555 2543 :
1602 2521 1619 2540 α
1651 2505 1806 2543 Rever-

362 2642 394 2682 ο)
415 2641 473 2682 qui
489 2641 631 2676 creavit,
654 2641 746 2670 deest
762 2642 796 2676 F,
815 2642 853 2672 G.
876 2659 917 2664 —
945 2642 981 2682 p)
1015 2642 1199 2672 voluerunt
1237 2642 1346 2672 eicere
1385 2653 1463 2672 eum
1495 2642 1536 2672 de
1569 2652 1677 2682 regno
1700 2641 1739 2671 D.
1761 2659 1803 2664 -—

303 2683 337 2723 q)
371 2682 610 2712 consiliarium
632 2683 723 2712 deest
739 2683 774 2712 E.
797 2683 880 2723 —1·)
902 2683 945 2712 ab
967 2694 1005 2713 eo
1028 2684 1063 2712 E.
1087 2702 1127 2706 -
1142 2683 1170 2723 s)
1199 2683 1427 2724 Thoringiam
1448 2684 1483 2718 F,
1500 2683 1539 2714 G.
1561 2701 1603 2706 —
1622 2683 1648 2725 t)
1669 2693 1803 2723 agnos-

304 2735 379 2754 cere
401 2725 438 2753 D.
461 2743 501 2746 —
521 2724 554 2764 u)
570 2724 695 2754 iterum
711 2725 748 2757 D,
767 2725 802 2757 E,
827 2725 862 2758 F,
885 2724 970 2755 G.—
983 2724 1016 2764 v)
1038 2725 1120 2765 quid
1144 2726 1295 2755 facerent
1316 2726 1353 2760 D,
1371 2726 1408 2759 E,
1431 2725 1466 2760 F,
1484 2725 1569 2760 (3,-
1587 2723 1620 2765 x)
1635 2724 1799 2754 nonneD.

305 2783 345 2788 —
359 2766 411 2806 γ’)
426 2765 514 2801 Quia
530 2765 602 2795 sine
622 2766 697 2806 lege
719 2766 807 2795 male
822 2766 985 2796 utebatur
1005 2766 1095 2796 filias
1118 2771 1266 2802 vestras,
1289 2766 1458 2807 penitet...
1483 2766 1571 2796 (Ι.-
1584 2766 1614 2808 z)
1636 2776 1742 2807 quam
1757 2765 1798 2796 G.
