<?xml version="1.0" encoding="UTF-8"?>
<!DOCTYPE html PUBLIC "-//W3C//DTD XHTML 1.0 Transitional//EN"
    "http://www.w3.org/TR/xhtml1/DTD/xhtml1-transitional.dtd">
<html xmlns="http://www.w3.org/1999/xhtml" xml:lang="en" lang="en">
 <head>
  <title>
</title>
<meta http-equiv="Content-Type" content="text/html;charset=utf-8" />
  <meta name='ocr-system' content='tesseract 3.04.00' />
  <meta name='ocr-capabilities' content='ocr_page ocr_carea ocr_par ocr_line ocrx_word'/>
</head>
<body>
  <div class='ocr_page' id='page_1' title='image "./chronique00aduoft_0085.png"; bbox 0 0 1908 3256; ppageno 0'>
   <div class='ocr_carea' id='block_1_1' title="bbox 699 313 1618 350">
    <p class='ocr_par' dir='ltr' id='par_1_1' title="bbox 699 313 1618 350">
     <span class='ocr_line' id='line_1_1' title="bbox 699 313 1618 350; baseline 0.005 -5"><span class='ocrx_word' id='word_1_1' title='bbox 699 321 819 345; x_wconf 61' lang='lat' dir='ltr'>Lmen</span> <span class='ocrx_word' id='word_1_2' title='bbox 854 322 1007 346; x_wconf 67' lang='lat' dir='ltr'>mimus</span> <span class='ocrx_word' id='word_1_3' title='bbox 1571 313 1618 350; x_wconf 84' lang='lat'>27</span> 
     </span>
    </p>
   </div>
   <div class='ocr_carea' id='block_1_2' title="bbox 105 408 1617 2632">
    <p class='ocr_par' dir='ltr' id='par_1_2' title="bbox 115 408 1617 1318">
     <span class='ocr_line' id='line_1_2' title="bbox 123 408 1617 461; baseline 0 -12"><span class='ocrx_word' id='word_1_4' title='bbox 123 411 410 449; x_wconf 88' lang='lat' dir='ltr'>Childebertus</span> <span class='ocrx_word' id='word_1_5' title='bbox 423 408 597 461; x_wconf 85' lang='lat' dir='ltr'>projecit</span> <span class='ocrx_word' id='word_1_6' title='bbox 612 423 701 447; x_wconf 91' lang='lat' dir='ltr'>eum</span> <span class='ocrx_word' id='word_1_7' title='bbox 718 424 739 447; x_wconf 88' lang='lat' dir='ltr'>a</span> <span class='ocrx_word' id='word_1_8' title='bbox 752 422 809 446; x_wconf 91' lang='lat' dir='ltr'>se.</span> <span class='ocrx_word' id='word_1_9' title='bbox 827 409 1059 447; x_wconf 78' lang='lat' dir='ltr'>Clotliarius</span> <span class='ocrx_word' id='word_1_10' title='bbox 1079 424 1242 461; x_wconf 81' lang='lat' dir='ltr'>quoque</span> <span class='ocrx_word' id='word_1_11' title='bbox 1259 411 1366 448; x_wconf 84' lang='lat' dir='ltr'>elisit</span> <span class='ocrx_word' id='word_1_12' title='bbox 1379 424 1465 448; x_wconf 84' lang='lat' dir='ltr'>eum</span> <span class='ocrx_word' id='word_1_13' title='bbox 1485 412 1524 448; x_wconf 89' lang='lat' dir='ltr'>in</span> <span class='ocrx_word' id='word_1_14' title='bbox 1541 422 1617 449; x_wconf 85' lang='lat' dir='ltr'>ter-</span> 
     </span>
     <span class='ocr_line' id='line_1_3' title="bbox 122 474 1616 527; baseline 0 -12"><span class='ocrx_word' id='word_1_15' title='bbox 122 490 222 521; x_wconf 86' lang='lat' dir='ltr'>ram,</span> <span class='ocrx_word' id='word_1_16' title='bbox 252 477 382 514; x_wconf 79' lang='lat' dir='ltr'>defixo</span> <span class='ocrx_word' id='word_1_17' title='bbox 407 476 446 512; x_wconf 93' lang='lat' dir='ltr'>in</span> <span class='ocrx_word' id='word_1_18' title='bbox 469 475 656 512; x_wconf 82' lang='lat' dir='ltr'>ascellam</span> <span class='ocrx_word' id='word_1_19' title='bbox 672 474 758 526; x_wconf 88' lang='lat' dir='ltr'>ejus</span> <span class='ocrx_word' id='word_1_20' title='bbox 783 475 927 514; x_wconf 82' lang='lat' dir='ltr'>cultro.</span> <span class='ocrx_word' id='word_1_21' title='bbox 953 484 991 513; x_wconf 87' lang='lat' dir='ltr'>et</span> <span class='ocrx_word' id='word_1_22' title='bbox 1012 476 1227 515; x_wconf 81' lang='lat' dir='ltr'>interfecit.</span> <span class='ocrx_word' id='word_1_23' title='bbox 1246 485 1283 513; x_wconf 89' lang='lat' dir='ltr'>et</span> <span class='ocrx_word' id='word_1_24' title='bbox 1306 490 1455 527; x_wconf 87' lang='lat' dir='ltr'>pueros</span> <span class='ocrx_word' id='word_1_25' title='bbox 1478 491 1616 515; x_wconf 80' lang='lat' dir='ltr'>eorum</span> 
     </span>
     <span class='ocr_line' id='line_1_4' title="bbox 120 539 1610 592; baseline -0.001 -11"><span class='ocrx_word' id='word_1_26' title='bbox 120 542 318 581; x_wconf 90' lang='lat' dir='ltr'>nutricios</span> <span class='ocrx_word' id='word_1_27' title='bbox 345 541 534 578; x_wconf 86' lang='lat' dir='ltr'>similiter</span> <span class='ocrx_word' id='word_1_28' title='bbox 561 539 776 592; x_wconf 81' lang='lat' dir='ltr'>jugulavit,</span> <span class='ocrx_word' id='word_1_29' title='bbox 813 541 1076 592; x_wconf 80' lang='lat' dir='ltr'>ascensisque</span> <span class='ocrx_word' id='word_1_30' title='bbox 1100 542 1304 592; x_wconf 68' lang='lat' dir='ltr'>equitibus</span> <span class='ocrx_word' id='word_1_31' title='bbox 1324 548 1352 581; x_wconf 75' lang='grc'>““,</span> <span class='ocrx_word' id='word_1_32' title='bbox 1393 543 1610 580; x_wconf 75' lang='lat' dir='ltr'>abscessit.</span> 
     </span>
     <span class='ocr_line' id='line_1_5' title="bbox 121 606 1614 660; baseline -0.001 -14"><span class='ocrx_word' id='word_1_33' title='bbox 121 609 293 660; x_wconf 86' lang='lat' dir='ltr'>Regina,</span> <span class='ocrx_word' id='word_1_34' title='bbox 316 607 387 644; x_wconf 86' lang='lat' dir='ltr'>hec</span> <span class='ocrx_word' id='word_1_35' title='bbox 403 606 586 652; x_wconf 84' lang='lat' dir='ltr'>audiens,</span> <span class='ocrx_word' id='word_1_36' title='bbox 599 606 724 643; x_wconf 89' lang='lat' dir='ltr'>nimio</span> <span class='ocrx_word' id='word_1_37' title='bbox 741 620 898 643; x_wconf 89' lang='lat' dir='ltr'>merore</span> <span class='ocrx_word' id='word_1_38' title='bbox 914 607 1063 651; x_wconf 84' lang='lat' dir='ltr'>attrita,</span> <span class='ocrx_word' id='word_1_39' title='bbox 1085 620 1172 644; x_wconf 88' lang='lat' dir='ltr'>cum</span> <span class='ocrx_word' id='word_1_40' title='bbox 1193 620 1338 658; x_wconf 81' lang='lat' dir='ltr'>magno</span> <span class='ocrx_word' id='word_1_41' title='bbox 1353 607 1614 657; x_wconf 78' lang='lat' dir='ltr'>psallentium</span> 
     </span>
     <span class='ocr_line' id='line_1_6' title="bbox 119 672 1616 726; baseline -0.001 -14"><span class='ocrx_word' id='word_1_42' title='bbox 119 682 312 726; x_wconf 86' lang='lat' dir='ltr'>apparatu</span> <span class='ocrx_word' id='word_1_43' title='bbox 338 681 375 711; x_wconf 92' lang='lat' dir='ltr'>et</span> <span class='ocrx_word' id='word_1_44' title='bbox 396 673 595 710; x_wconf 90' lang='lat' dir='ltr'>immenso</span> <span class='ocrx_word' id='word_1_45' title='bbox 618 672 742 717; x_wconf 77' lang='lat' dir='ltr'>luctu,</span> <span class='ocrx_word' id='word_1_46' title='bbox 768 673 1011 724; x_wconf 89' lang='lat' dir='ltr'>corpuscula</span> <span class='ocrx_word' id='word_1_47' title='bbox 1029 686 1167 710; x_wconf 86' lang='lat' dir='ltr'>eorum</span> <span class='ocrx_word' id='word_1_48' title='bbox 1196 673 1380 709; x_wconf 73' lang='lat' dir='ltr'>l‘arisius</span> <span class='ocrx_word' id='word_1_49' title='bbox 1404 673 1616 724; x_wconf 83' lang='lat' dir='ltr'>deportata</span> 
     </span>
     <span class='ocr_line' id='line_1_7' title="bbox 119 739 1609 792; baseline -0.001 -14"><span class='ocrx_word' id='word_1_50' title='bbox 119 749 238 792; x_wconf 89' lang='lat' dir='ltr'>atque</span> <span class='ocrx_word' id='word_1_51' title='bbox 278 739 500 777; x_wconf 84' lang='lat' dir='ltr'>honorifice</span> <span class='ocrx_word' id='word_1_52' title='bbox 535 739 760 789; x_wconf 87' lang='lat' dir='ltr'>composita</span> <span class='ocrx_word' id='word_1_53' title='bbox 794 739 996 790; x_wconf 79' lang='lat' dir='ltr'>sepelivit.</span> <span class='ocrx_word' id='word_1_54' title='bbox 1032 740 1213 787; x_wconf 87' lang='lat' dir='ltr'>Quorum</span> <span class='ocrx_word' id='word_1_55' title='bbox 1235 752 1339 776; x_wconf 85' lang='lat' dir='ltr'>unus</span> <span class='ocrx_word' id='word_1_56' title='bbox 1367 747 1450 777; x_wconf 87' lang='lat' dir='ltr'>erat</span> <span class='ocrx_word' id='word_1_57' title='bbox 1472 740 1609 777; x_wconf 86' lang='lat' dir='ltr'>decem</span> 
     </span>
     <span class='ocr_line' id='line_1_8' title="bbox 119 804 1613 856; baseline -0.001 -13"><span class='ocrx_word' id='word_1_58' title='bbox 119 819 316 844; x_wconf 89' lang='lat' dir='ltr'>annorum</span> <span class='ocrx_word' id='word_1_59' title='bbox 339 814 377 843; x_wconf 88' lang='lat' dir='ltr'>et</span> <span class='ocrx_word' id='word_1_60' title='bbox 394 805 496 842; x_wconf 92' lang='lat' dir='ltr'>alius</span> <span class='ocrx_word' id='word_1_61' title='bbox 520 812 689 855; x_wconf 85' lang='lat' dir='ltr'>septem.</span> <span class='ocrx_word' id='word_1_62' title='bbox 709 804 1166 851; x_wconf 76' lang='lat' dir='ltr'>Tercius,Clodoaldus,</span> <span class='ocrx_word' id='word_1_63' title='bbox 1186 805 1340 856; x_wconf 79' lang='lat' dir='ltr'>elsugit‚</span> <span class='ocrx_word' id='word_1_64' title='bbox 1360 813 1397 842; x_wconf 88' lang='lat' dir='ltr'>et</span> <span class='ocrx_word' id='word_1_65' title='bbox 1411 818 1485 856; x_wconf 90' lang='lat' dir='ltr'>per</span> <span class='ocrx_word' id='word_1_66' title='bbox 1507 806 1613 842; x_wconf 84' lang='lat' dir='ltr'>auxi-</span> 
     </span>
     <span class='ocr_line' id='line_1_9' title="bbox 118 868 1613 923; baseline -0.001 -14"><span class='ocrx_word' id='word_1_67' title='bbox 118 872 215 910; x_wconf 88' lang='lat' dir='ltr'>lium</span> <span class='ocrx_word' id='word_1_68' title='bbox 235 884 456 923; x_wconf 90' lang='lat' dir='ltr'>puerorum</span> <span class='ocrx_word' id='word_1_69' title='bbox 468 868 639 908; x_wconf 66' lang='lat' dir='ltr'>forci&#39;um</span> <span class='ocrx_word' id='word_1_70' title='bbox 661 870 857 908; x_wconf 87' lang='lat' dir='ltr'>liberatus</span> <span class='ocrx_word' id='word_1_71' title='bbox 874 879 948 908; x_wconf 89' lang='lat' dir='ltr'>est.</span> <span class='ocrx_word' id='word_1_72' title='bbox 965 870 1058 918; x_wconf 87' lang='lat' dir='ltr'>Qui,</span> <span class='ocrx_word' id='word_1_73' title='bbox 1076 878 1219 922; x_wconf 87' lang='lat' dir='ltr'>postea</span> <span class='ocrx_word' id='word_1_74' title='bbox 1234 871 1376 908; x_wconf 89' lang='lat' dir='ltr'>relicto</span> <span class='ocrx_word' id='word_1_75' title='bbox 1392 883 1520 921; x_wconf 89' lang='lat' dir='ltr'>regno</span> <span class='ocrx_word' id='word_1_76' title='bbox 1537 878 1613 907; x_wconf 86' lang='lat' dir='ltr'>ter-</span> 
     </span>
     <span class='ocr_line' id='line_1_10' title="bbox 118 936 1612 989; baseline -0.001 -14"><span class='ocrx_word' id='word_1_77' title='bbox 118 952 232 984; x_wconf 88' lang='lat' dir='ltr'>reno,</span> <span class='ocrx_word' id='word_1_78' title='bbox 251 938 339 989; x_wconf 92' lang='lat' dir='ltr'>ipse</span> <span class='ocrx_word' id='word_1_79' title='bbox 378 937 548 988; x_wconf 88' lang='lat' dir='ltr'>propria</span> <span class='ocrx_word' id='word_1_80' title='bbox 580 950 699 974; x_wconf 91' lang='lat' dir='ltr'>manu</span> <span class='ocrx_word' id='word_1_81' title='bbox 735 950 777 974; x_wconf 89' lang='lat' dir='ltr'>se</span> <span class='ocrx_word' id='word_1_82' title='bbox 810 936 1012 974; x_wconf 71' lang='lat' dir='ltr'>totonditx</span> <span class='ocrx_word' id='word_1_83' title='bbox 1031 944 1082 981; x_wconf 86' lang='lat' dir='ltr'>et,</span> <span class='ocrx_word' id='word_1_84' title='bbox 1107 937 1280 974; x_wconf 89' lang='lat' dir='ltr'>clericus</span> <span class='ocrx_word' id='word_1_85' title='bbox 1313 938 1455 983; x_wconf 84' lang='lat' dir='ltr'>sactus,</span> <span class='ocrx_word' id='word_1_86' title='bbox 1492 937 1612 974; x_wconf 82' lang='lat' dir='ltr'>bonis</span> 
     </span>
     <span class='ocr_line' id='line_1_11' title="bbox 118 1001 1612 1054; baseline -0.001 -13"><span class='ocrx_word' id='word_1_87' title='bbox 118 1004 311 1054; x_wconf 86' lang='lat' dir='ltr'>operibus</span> <span class='ocrx_word' id='word_1_88' title='bbox 333 1003 519 1054; x_wconf 82' lang='lat' dir='ltr'>preditus</span> <span class='ocrx_word' id='word_1_89' title='bbox 541 1007 556 1030; x_wconf 56' lang='grc' dir='ltr'>Υ</span> <span class='ocrx_word' id='word_1_90' title='bbox 578 1011 653 1040; x_wconf 92' lang='lat' dir='ltr'>est.</span> <span class='ocrx_word' id='word_1_91' title='bbox 681 1001 773 1050; x_wconf 88' lang='lat' dir='ltr'>Qui,</span> <span class='ocrx_word' id='word_1_92' title='bbox 798 1010 942 1053; x_wconf 87' lang='lat' dir='ltr'>postea</span> <span class='ocrx_word' id='word_1_93' title='bbox 956 1003 1175 1053; x_wconf 75' lang='lat' dir='ltr'>presbyter</span> <span class='ocrx_word' id='word_1_94' title='bbox 1205 1002 1432 1046; x_wconf 76' lang='lat' dir='ltr'>ordinatus,</span> <span class='ocrx_word' id='word_1_95' title='bbox 1463 1002 1612 1053; x_wconf 86' lang='lat' dir='ltr'>plenus</span> 
     </span>
     <span class='ocr_line' id='line_1_12' title="bbox 115 1067 1612 1120; baseline -0.001 -15"><span class='ocrx_word' id='word_1_96' title='bbox 115 1069 350 1114; x_wconf 88' lang='lat' dir='ltr'>virtutibus,</span> <span class='ocrx_word' id='word_1_97' title='bbox 366 1068 556 1120; x_wconf 87' lang='lat' dir='ltr'>migravit</span> <span class='ocrx_word' id='word_1_98' title='bbox 565 1069 614 1105; x_wconf 91' lang='lat' dir='ltr'>ad</span> <span class='ocrx_word' id='word_1_99' title='bbox 626 1067 862 1113; x_wconf 91' lang='lat' dir='ltr'>Dominum,</span> <span class='ocrx_word' id='word_1_100' title='bbox 882 1067 1128 1105; x_wconf 80' lang='lat' dir='ltr'>etNoviente</span> <span class='ocrx_word' id='word_1_101' title='bbox 1141 1067 1237 1105; x_wconf 77' lang='lat' dir='ltr'>villa</span> <span class='ocrx_word' id='word_1_102' title='bbox 1250 1067 1454 1105; x_wconf 69' lang='lat' dir='ltr'>parisiace</span> <span class='ocrx_word' id='word_1_103' title='bbox 1470 1069 1612 1105; x_wconf 90' lang='lat' dir='ltr'>subur-</span> 
     </span>
     <span class='ocr_line' id='line_1_13' title="bbox 116 1133 1612 1186; baseline -0.001 -14"><span class='ocrx_word' id='word_1_104' title='bbox 116 1136 218 1173; x_wconf 90' lang='lat' dir='ltr'>bane</span> <span class='ocrx_word' id='word_1_105' title='bbox 240 1135 452 1186; x_wconf 89' lang='lat' dir='ltr'>depositus</span> <span class='ocrx_word' id='word_1_106' title='bbox 483 1134 741 1185; x_wconf 67' lang='lat' dir='ltr'>requiescitz.</span> <span class='ocrx_word' id='word_1_107' title='bbox 779 1133 1012 1172; x_wconf 89' lang='lat' dir='ltr'>Crochildis</span> <span class='ocrx_word' id='word_1_108' title='bbox 1046 1142 1176 1171; x_wconf 86' lang='lat' dir='ltr'>autem</span> <span class='ocrx_word' id='word_1_109' title='bbox 1210 1134 1366 1185; x_wconf 76' lang='lat' dir='ltr'>regina,</span> <span class='ocrx_word' id='word_1_110' title='bbox 1389 1134 1428 1170; x_wconf 89' lang='lat' dir='ltr'>in</span> <span class='ocrx_word' id='word_1_111' title='bbox 1460 1133 1612 1171; x_wconf 92' lang='lat' dir='ltr'>elemo-</span> 
     </span>
     <span class='ocr_line' id='line_1_14' title="bbox 116 1200 1611 1252; baseline -0.001 -13"><span class='ocrx_word' id='word_1_112' title='bbox 116 1201 219 1239; x_wconf 90' lang='lat' dir='ltr'>sinis</span> <span class='ocrx_word' id='word_1_113' title='bbox 265 1201 474 1252; x_wconf 82' lang='lat' dir='ltr'>profluens</span> <span class='ocrx_word' id='word_1_114' title='bbox 490 1230 499 1248; x_wconf 86' lang='lat'>,</span> <span class='ocrx_word' id='word_1_115' title='bbox 544 1213 632 1238; x_wconf 91' lang='lat' dir='ltr'>cum</span> <span class='ocrx_word' id='word_1_116' title='bbox 669 1213 824 1238; x_wconf 86' lang='lat' dir='ltr'>summa</span> <span class='ocrx_word' id='word_1_117' title='bbox 857 1200 1102 1238; x_wconf 83' lang='lat' dir='ltr'>abstinentia</span> <span class='ocrx_word' id='word_1_118' title='bbox 1141 1208 1179 1237; x_wconf 90' lang='lat' dir='ltr'>et</span> <span class='ocrx_word' id='word_1_119' title='bbox 1228 1200 1447 1237; x_wconf 82' lang='lat' dir='ltr'>sobrietate</span> <span class='ocrx_word' id='word_1_120' title='bbox 1490 1200 1611 1237; x_wconf 84' lang='lat' dir='ltr'>vitam</span> 
     </span>
     <span class='ocr_line' id='line_1_15' title="bbox 116 1267 305 1318; baseline 0 -15"><span class='ocrx_word' id='word_1_121' title='bbox 116 1267 305 1318; x_wconf 88' lang='lat' dir='ltr'>degebat.</span> 
     </span>
    </p>

    <p class='ocr_par' dir='ltr' id='par_1_3' title="bbox 105 1331 1614 2632">
     <span class='ocr_line' id='line_1_16' title="bbox 169 1331 1612 1382; baseline -0.002 -11"><span class='ocrx_word' id='word_1_122' title='bbox 169 1335 231 1371; x_wconf 71' lang='lat'>24.</span> <span class='ocrx_word' id='word_1_123' title='bbox 264 1355 316 1361; x_wconf 88' lang='lat'><strong>—</strong></span> <span class='ocrx_word' id='word_1_124' title='bbox 339 1331 382 1370; x_wconf 90' lang='lat' dir='ltr'>In</span> <span class='ocrx_word' id='word_1_125' title='bbox 404 1332 484 1370; x_wconf 90' lang='lat' dir='ltr'>illis</span> <span class='ocrx_word' id='word_1_126' title='bbox 523 1332 667 1370; x_wconf 89' lang='lat' dir='ltr'>diebus</span> <span class='ocrx_word' id='word_1_127' title='bbox 690 1340 874 1370; x_wconf 90' lang='lat' dir='ltr'>mortuus</span> <span class='ocrx_word' id='word_1_128' title='bbox 898 1340 959 1369; x_wconf 89' lang='lat' dir='ltr'>est</span> <span class='ocrx_word' id='word_1_129' title='bbox 986 1331 1265 1370; x_wconf 78' lang='lat' dir='ltr'>Theodericus</span> <span class='ocrx_word' id='word_1_130' title='bbox 1300 1344 1397 1377; x_wconf 80' lang='lat' dir='ltr'>rex3</span> <span class='ocrx_word' id='word_1_131' title='bbox 1423 1332 1612 1382; x_wconf 87' lang='lat' dir='ltr'>regnavit</span> 
     </span>
     <span class='ocr_line' id='line_1_17' title="bbox 115 1395 1610 1450; baseline -0.002 -14"><span class='ocrx_word' id='word_1_132' title='bbox 115 1407 247 1436; x_wconf 88' lang='lat' dir='ltr'>autem</span> <span class='ocrx_word' id='word_1_133' title='bbox 269 1399 386 1436; x_wconf 90' lang='lat' dir='ltr'>annis</span> <span class='ocrx_word' id='word_1_134' title='bbox 407 1398 564 1450; x_wconf 84' lang='lat' dir='ltr'>viginta</span> <span class='ocrx_word' id='word_1_135' title='bbox 584 1398 717 1436; x_wconf 88' lang='lat' dir='ltr'>tribus</span> <span class='ocrx_word' id='word_1_136' title='bbox 733 1404 761 1435; x_wconf 77' lang='lat'>³.</span> <span class='ocrx_word' id='word_1_137' title='bbox 791 1397 1100 1435; x_wconf 88' lang='lat' dir='ltr'>Theodebertus</span> <span class='ocrx_word' id='word_1_138' title='bbox 1118 1410 1280 1448; x_wconf 90' lang='lat' dir='ltr'>quoque</span> <span class='ocrx_word' id='word_1_139' title='bbox 1302 1396 1410 1433; x_wconf 87' lang='lat' dir='ltr'>filius</span> <span class='ocrx_word' id='word_1_140' title='bbox 1441 1395 1527 1447; x_wconf 88' lang='lat' dir='ltr'>ejus</span> <span class='ocrx_word' id='word_1_141' title='bbox 1550 1410 1610 1434; x_wconf 85' lang='lat' dir='ltr'>re—</span> 
     </span>
     <span class='ocr_line' id='line_1_18' title="bbox 115 1462 1609 1515; baseline -0.001 -14"><span class='ocrx_word' id='word_1_142' title='bbox 115 1477 238 1515; x_wconf 86' lang='lat' dir='ltr'>gnum</span> <span class='ocrx_word' id='word_1_143' title='bbox 261 1462 348 1515; x_wconf 82' lang='lat' dir='ltr'>ejus</span> <span class='ocrx_word' id='word_1_144' title='bbox 367 1464 536 1515; x_wconf 87' lang='lat' dir='ltr'>recepit.</span> <span class='ocrx_word' id='word_1_145' title='bbox 572 1463 673 1501; x_wconf 89' lang='lat' dir='ltr'>Post</span> <span class='ocrx_word' id='word_1_146' title='bbox 692 1463 764 1500; x_wconf 91' lang='lat' dir='ltr'>hec</span> <span class='ocrx_word' id='word_1_147' title='bbox 789 1463 1078 1501; x_wconf 84' lang='lat' dir='ltr'>Childebertus</span> <span class='ocrx_word' id='word_1_148' title='bbox 1102 1471 1140 1500; x_wconf 87' lang='lat' dir='ltr'>et</span> <span class='ocrx_word' id='word_1_149' title='bbox 1161 1462 1470 1500; x_wconf 88' lang='lat' dir='ltr'>Theodebertus</span> <span class='ocrx_word' id='word_1_150' title='bbox 1503 1475 1609 1500; x_wconf 89' lang='lat' dir='ltr'>com-</span> 
     </span>
     <span class='ocr_line' id='line_1_19' title="bbox 114 1527 1606 1580; baseline -0.001 -13"><span class='ocrx_word' id='word_1_151' title='bbox 114 1538 324 1567; x_wconf 84' lang='lat' dir='ltr'>moventes</span> <span class='ocrx_word' id='word_1_152' title='bbox 344 1529 579 1574; x_wconf 79' lang='lat' dir='ltr'>exercitum,</span> <span class='ocrx_word' id='word_1_153' title='bbox 606 1537 747 1567; x_wconf 83' lang='lat' dir='ltr'>contra</span> <span class='ocrx_word' id='word_1_154' title='bbox 770 1528 1023 1567; x_wconf 86' lang='lat' dir='ltr'>Clotharium</span> <span class='ocrx_word' id='word_1_155' title='bbox 1040 1529 1097 1566; x_wconf 83' lang='lat' dir='ltr'>ire</span> <span class='ocrx_word' id='word_1_156' title='bbox 1114 1529 1352 1580; x_wconf 87' lang='lat' dir='ltr'>disponunt.</span> <span class='ocrx_word' id='word_1_157' title='bbox 1374 1527 1444 1565; x_wconf 91' lang='lat' dir='ltr'>Ille</span> <span class='ocrx_word' id='word_1_158' title='bbox 1461 1536 1606 1576; x_wconf 81' lang='lat' dir='ltr'>autem,</span> 
     </span>
     <span class='ocr_line' id='line_1_20' title="bbox 115 1594 1607 1645; baseline 0 -13"><span class='ocrx_word' id='word_1_159' title='bbox 115 1594 188 1632; x_wconf 89' lang='lat' dir='ltr'>hec</span> <span class='ocrx_word' id='word_1_160' title='bbox 209 1595 393 1639; x_wconf 88' lang='lat' dir='ltr'>audiens,</span> <span class='ocrx_word' id='word_1_161' title='bbox 413 1603 451 1632; x_wconf 91' lang='lat' dir='ltr'>et</span> <span class='ocrx_word' id='word_1_162' title='bbox 465 1595 609 1632; x_wconf 85' lang='lat' dir='ltr'>videns</span> <span class='ocrx_word' id='word_1_163' title='bbox 629 1596 737 1645; x_wconf 87' lang='lat' dir='ltr'>quod</span> <span class='ocrx_word' id='word_1_164' title='bbox 760 1595 953 1632; x_wconf 83' lang='lat' dir='ltr'>exercitui</span> <span class='ocrx_word' id='word_1_165' title='bbox 978 1608 1116 1632; x_wconf 86' lang='lat' dir='ltr'>eorum</span> <span class='ocrx_word' id='word_1_166' title='bbox 1139 1594 1332 1632; x_wconf 89' lang='lat' dir='ltr'>resistere</span> <span class='ocrx_word' id='word_1_167' title='bbox 1349 1607 1429 1631; x_wconf 90' lang='lat' dir='ltr'>non</span> <span class='ocrx_word' id='word_1_168' title='bbox 1450 1602 1607 1645; x_wconf 87' lang='lat' dir='ltr'>posset,</span> 
     </span>
     <span class='ocr_line' id='line_1_21' title="bbox 113 1659 1607 1712; baseline 0 -15"><span class='ocrx_word' id='word_1_169' title='bbox 113 1660 154 1697; x_wconf 92' lang='lat' dir='ltr'>in</span> <span class='ocrx_word' id='word_1_170' title='bbox 174 1660 316 1698; x_wconf 84' lang='lat' dir='ltr'>silvam</span> <span class='ocrx_word' id='word_1_171' title='bbox 350 1660 532 1712; x_wconf 85' lang='lat' dir='ltr'>confugit</span> <span class='ocrx_word' id='word_1_172' title='bbox 561 1661 601 1697; x_wconf 91' lang='lat' dir='ltr'>in</span> <span class='ocrx_word' id='word_1_173' title='bbox 634 1660 856 1707; x_wconf 72' lang='lat' dir='ltr'>Arelauno,</span> <span class='ocrx_word' id='word_1_174' title='bbox 894 1661 1067 1712; x_wconf 82' lang='lat' dir='ltr'>fecitque</span> <span class='ocrx_word' id='word_1_175' title='bbox 1103 1661 1291 1697; x_wconf 87' lang='lat' dir='ltr'>combros</span> <span class='ocrx_word' id='word_1_176' title='bbox 1303 1659 1331 1706; x_wconf 77' lang='lat'>¹³,</span> <span class='ocrx_word' id='word_1_177' title='bbox 1348 1667 1471 1697; x_wconf 86' lang='lat' dir='ltr'>totam</span> <span class='ocrx_word' id='word_1_178' title='bbox 1495 1672 1607 1710; x_wconf 90' lang='lat' dir='ltr'>spem</span> 
     </span>
     <span class='ocr_line' id='line_1_22' title="bbox 113 1725 1605 1777; baseline 0 -14"><span class='ocrx_word' id='word_1_179' title='bbox 113 1739 225 1763; x_wconf 86' lang='lat' dir='ltr'>suam</span> <span class='ocrx_word' id='word_1_180' title='bbox 241 1726 282 1763; x_wconf 90' lang='lat' dir='ltr'>in</span> <span class='ocrx_word' id='word_1_181' title='bbox 298 1725 374 1764; x_wconf 91' lang='lat' dir='ltr'>Dei</span> <span class='ocrx_word' id='word_1_182' title='bbox 389 1726 537 1777; x_wconf 87' lang='lat' dir='ltr'>pietate</span> <span class='ocrx_word' id='word_1_183' title='bbox 560 1727 867 1764; x_wconf 81' lang='lat' dir='ltr'>transfundens.</span> <span class='ocrx_word' id='word_1_184' title='bbox 897 1726 1128 1764; x_wconf 83' lang='lat' dir='ltr'>Crochildis</span> <span class='ocrx_word' id='word_1_185' title='bbox 1151 1726 1308 1777; x_wconf 86' lang='lat' dir='ltr'>regina,</span> <span class='ocrx_word' id='word_1_186' title='bbox 1327 1725 1399 1763; x_wconf 89' lang='lat' dir='ltr'>hec</span> <span class='ocrx_word' id='word_1_187' title='bbox 1420 1725 1605 1771; x_wconf 85' lang='lat' dir='ltr'>audiens,</span> 
     </span>
     <span class='ocr_line' id='line_1_23' title="bbox 113 1791 1606 1843; baseline 0 -14"><span class='ocrx_word' id='word_1_188' title='bbox 113 1792 218 1829; x_wconf 90' lang='lat' dir='ltr'>beati</span> <span class='ocrx_word' id='word_1_189' title='bbox 233 1791 398 1830; x_wconf 87' lang='lat' dir='ltr'>Martini</span> <span class='ocrx_word' id='word_1_190' title='bbox 423 1792 656 1843; x_wconf 90' lang='lat' dir='ltr'>sepulcrum</span> <span class='ocrx_word' id='word_1_191' title='bbox 679 1792 791 1839; x_wconf 82' lang='lat' dir='ltr'>adiit,</span> <span class='ocrx_word' id='word_1_192' title='bbox 816 1792 954 1843; x_wconf 85' lang='lat' dir='ltr'>ibique</span> <span class='ocrx_word' id='word_1_193' title='bbox 977 1793 1017 1829; x_wconf 92' lang='lat' dir='ltr'>in</span> <span class='ocrx_word' id='word_1_194' title='bbox 1049 1792 1232 1830; x_wconf 86' lang='lat' dir='ltr'>oratione</span> <span class='ocrx_word' id='word_1_195' title='bbox 1253 1792 1532 1843; x_wconf 79' lang='lat' dir='ltr'>prosternitur</span> <span class='ocrx_word' id='word_1_196' title='bbox 1549 1799 1606 1829; x_wconf 91' lang='lat' dir='ltr'>to-</span> 
     </span>
     <span class='ocr_line' id='line_1_24' title="bbox 111 1857 1606 1909; baseline 0.001 -15"><span class='ocrx_word' id='word_1_197' title='bbox 111 1866 150 1894; x_wconf 87' lang='lat' dir='ltr'>ta</span> <span class='ocrx_word' id='word_1_198' title='bbox 164 1866 282 1895; x_wconf 89' lang='lat' dir='ltr'>nocte</span> <span class='ocrx_word' id='word_1_199' title='bbox 320 1857 496 1909; x_wconf 86' lang='lat' dir='ltr'>vigilans</span> <span class='ocrx_word' id='word_1_200' title='bbox 517 1871 562 1895; x_wconf 88' lang='lat' dir='ltr'>ac</span> <span class='ocrx_word' id='word_1_201' title='bbox 590 1859 816 1909; x_wconf 85' lang='lat' dir='ltr'>deprecans</span> <span class='ocrx_word' id='word_1_202' title='bbox 851 1872 900 1895; x_wconf 89' lang='lat' dir='ltr'>ne</span> <span class='ocrx_word' id='word_1_203' title='bbox 923 1858 1029 1895; x_wconf 82' lang='lat' dir='ltr'>inter·</span> <span class='ocrx_word' id='word_1_204' title='bbox 1055 1858 1160 1895; x_wconf 89' lang='lat' dir='ltr'>filios</span> <span class='ocrx_word' id='word_1_205' title='bbox 1192 1871 1288 1895; x_wconf 90' lang='lat' dir='ltr'>suos</span> <span class='ocrx_word' id='word_1_206' title='bbox 1316 1857 1467 1894; x_wconf 89' lang='lat' dir='ltr'>bellum</span> <span class='ocrx_word' id='word_1_207' title='bbox 1488 1857 1606 1895; x_wconf 84' lang='lat' dir='ltr'>civile</span> 
     </span>
     <span class='ocr_line' id='line_1_25' title="bbox 112 1922 1607 1975; baseline 0.001 -15"><span class='ocrx_word' id='word_1_208' title='bbox 112 1931 395 1975; x_wconf 86' lang='lat' dir='ltr'>consurgeret.</span> <span class='ocrx_word' id='word_1_209' title='bbox 421 1922 605 1974; x_wconf 90' lang='lat' dir='ltr'>Cumque</span> <span class='ocrx_word' id='word_1_210' title='bbox 628 1924 921 1962; x_wconf 89' lang='lat' dir='ltr'>convenissent</span> <span class='ocrx_word' id='word_1_211' title='bbox 943 1937 1031 1961; x_wconf 88' lang='lat' dir='ltr'>cum</span> <span class='ocrx_word' id='word_1_212' title='bbox 1063 1923 1250 1962; x_wconf 88' lang='lat' dir='ltr'>hostibus</span> <span class='ocrx_word' id='word_1_213' title='bbox 1280 1923 1438 1974; x_wconf 87' lang='lat' dir='ltr'>magnis</span> <span class='ocrx_word' id='word_1_214' title='bbox 1465 1931 1607 1961; x_wconf 84' lang='lat' dir='ltr'>contra</span> 
     </span>
     <span class='ocr_line' id='line_1_26' title="bbox 112 1987 1603 2039; baseline -0.001 -13"><span class='ocrx_word' id='word_1_215' title='bbox 112 1987 379 2035; x_wconf 89' lang='lat' dir='ltr'>Clotharium,</span> <span class='ocrx_word' id='word_1_216' title='bbox 400 1996 443 2026; x_wconf 89' lang='lat' dir='ltr'>ut</span> <span class='ocrx_word' id='word_1_217' title='bbox 458 1988 646 2039; x_wconf 89' lang='lat' dir='ltr'>sequenti</span> <span class='ocrx_word' id='word_1_218' title='bbox 669 1988 732 2026; x_wconf 89' lang='lat' dir='ltr'>die</span> <span class='ocrx_word' id='word_1_219' title='bbox 749 2002 838 2026; x_wconf 90' lang='lat' dir='ltr'>eum</span> <span class='ocrx_word' id='word_1_220' title='bbox 853 1989 1144 2035; x_wconf 85' lang='lat' dir='ltr'>interficerent,</span> <span class='ocrx_word' id='word_1_221' title='bbox 1169 2001 1283 2026; x_wconf 88' lang='lat' dir='ltr'>mane</span> <span class='ocrx_word' id='word_1_222' title='bbox 1303 1989 1420 2034; x_wconf 86' lang='lat' dir='ltr'>sacto,</span> <span class='ocrx_word' id='word_1_223' title='bbox 1438 1988 1479 2025; x_wconf 92' lang='lat' dir='ltr'>in</span> <span class='ocrx_word' id='word_1_224' title='bbox 1498 1987 1603 2033; x_wconf 89' lang='lat' dir='ltr'>loco,</span> 
     </span>
     <span class='ocr_line' id='line_1_27' title="bbox 111 2053 1604 2106; baseline 0 -15"><span class='ocrx_word' id='word_1_225' title='bbox 111 2053 151 2091; x_wconf 88' lang='lat' dir='ltr'>in</span> <span class='ocrx_word' id='word_1_226' title='bbox 171 2067 251 2105; x_wconf 92' lang='lat' dir='ltr'>quo</span> <span class='ocrx_word' id='word_1_227' title='bbox 273 2062 388 2091; x_wconf 89' lang='lat' dir='ltr'>erant</span> <span class='ocrx_word' id='word_1_228' title='bbox 405 2054 659 2106; x_wconf 85' lang='lat' dir='ltr'>congregati,</span> <span class='ocrx_word' id='word_1_229' title='bbox 678 2062 766 2092; x_wconf 87' lang='lat' dir='ltr'>orta</span> <span class='ocrx_word' id='word_1_230' title='bbox 789 2063 851 2092; x_wconf 90' lang='lat' dir='ltr'>est</span> <span class='ocrx_word' id='word_1_231' title='bbox 884 2055 1055 2092; x_wconf 82' lang='lat' dir='ltr'>maxima</span> <span class='ocrx_word' id='word_1_232' title='bbox 1075 2062 1312 2105; x_wconf 81' lang='lat' dir='ltr'>tempestaS,</span> <span class='ocrx_word' id='word_1_233' title='bbox 1334 2053 1510 2091; x_wconf 86' lang='lat' dir='ltr'>tentoria</span> <span class='ocrx_word' id='word_1_234' title='bbox 1524 2053 1604 2091; x_wconf 92' lang='lat' dir='ltr'>dis-</span> 
     </span>
     <span class='ocr_line' id='line_1_28' title="bbox 110 2119 1601 2171; baseline 0 -14"><span class='ocrx_word' id='word_1_235' title='bbox 110 2132 320 2171; x_wconf 87' lang='lat' dir='ltr'>rumpens,</span> <span class='ocrx_word' id='word_1_236' title='bbox 335 2133 425 2157; x_wconf 91' lang='lat' dir='ltr'>cum</span> <span class='ocrx_word' id='word_1_237' title='bbox 440 2119 621 2158; x_wconf 84' lang='lat' dir='ltr'>inmixtis</span> <span class='ocrx_word' id='word_1_238' title='bbox 641 2125 654 2141; x_wconf 78' lang='lat'><strong>⁰</strong></span> <span class='ocrx_word' id='word_1_239' title='bbox 675 2120 906 2171; x_wconf 88' lang='lat' dir='ltr'>fulguribus</span> <span class='ocrx_word' id='word_1_240' title='bbox 926 2129 1070 2158; x_wconf 89' lang='lat' dir='ltr'>cuncta</span> <span class='ocrx_word' id='word_1_241' title='bbox 1089 2121 1348 2166; x_wconf 74' lang='lat' dir='ltr'>subvertens,</span> <span class='ocrx_word' id='word_1_242' title='bbox 1374 2119 1601 2170; x_wconf 87' lang='lat' dir='ltr'>irrumpen-</span> 
     </span>
     <span class='ocr_line' id='line_1_29' title="bbox 109 2184 1605 2236; baseline 0.001 -14"><span class='ocrx_word' id='word_1_243' title='bbox 109 2184 243 2223; x_wconf 79' lang='lat' dir='ltr'>tibus‘l</span> <span class='ocrx_word' id='word_1_244' title='bbox 263 2185 504 2236; x_wconf 88' lang='lat' dir='ltr'>hymbribus</span> <span class='ocrx_word' id='word_1_245' title='bbox 521 2199 610 2223; x_wconf 90' lang='lat' dir='ltr'>cum</span> <span class='ocrx_word' id='word_1_246' title='bbox 632 2186 825 2224; x_wconf 87' lang='lat' dir='ltr'>tonitruis</span> <span class='ocrx_word' id='word_1_247' title='bbox 841 2186 1003 2224; x_wconf 85' lang='lat' dir='ltr'>validis.</span> <span class='ocrx_word' id='word_1_248' title='bbox 1025 2186 1087 2223; x_wconf 92' lang='lat' dir='ltr'>Illi</span> <span class='ocrx_word' id='word_1_249' title='bbox 1107 2199 1204 2223; x_wconf 75' lang='lat' dir='ltr'>vero</span> <span class='ocrx_word' id='word_1_250' title='bbox 1220 2185 1416 2236; x_wconf 80' lang='lat' dir='ltr'>prostrati</span> <span class='ocrx_word' id='word_1_251' title='bbox 1438 2185 1480 2222; x_wconf 89' lang='lat' dir='ltr'>in</span> <span class='ocrx_word' id='word_1_252' title='bbox 1496 2193 1605 2223; x_wconf 86' lang='lat' dir='ltr'>terra</span> 
     </span>
     <span class='ocr_line' id='line_1_30' title="bbox 110 2250 1600 2303; baseline -0.001 -14"><span class='ocrx_word' id='word_1_253' title='bbox 110 2259 365 2296; x_wconf 85' lang='lat' dir='ltr'>corruentes,</span> <span class='ocrx_word' id='word_1_254' title='bbox 381 2251 482 2288; x_wconf 69' lang='lat' dir='ltr'>cesie</span> <span class='ocrx_word' id='word_1_255' title='bbox 498 2251 769 2303; x_wconf 87' lang='lat' dir='ltr'>grandinibus</span> <span class='ocrx_word' id='word_1_256' title='bbox 782 2252 945 2299; x_wconf 80' lang='lat' dir='ltr'>validis,</span> <span class='ocrx_word' id='word_1_257' title='bbox 964 2252 1146 2303; x_wconf 83' lang='lat' dir='ltr'>graviter</span> <span class='ocrx_word' id='word_1_258' title='bbox 1160 2250 1363 2289; x_wconf 81' lang='lat' dir='ltr'>verberati</span> <span class='ocrx_word' id='word_1_259' title='bbox 1381 2259 1600 2295; x_wconf 86' lang='lat' dir='ltr'>corruunt;</span> 
     </span>
     <span class='ocr_line' id='line_1_31' title="bbox 109 2315 1602 2368; baseline -0.001 -14"><span class='ocrx_word' id='word_1_260' title='bbox 109 2317 344 2368; x_wconf 88' lang='lat' dir='ltr'>nullumque</span> <span class='ocrx_word' id='word_1_261' title='bbox 366 2317 424 2354; x_wconf 89' lang='lat' dir='ltr'>eis</span> <span class='ocrx_word' id='word_1_262' title='bbox 443 2316 654 2368; x_wconf 76' lang='lat' dir='ltr'>tegumenf</span> <span class='ocrx_word' id='word_1_263' title='bbox 675 2318 886 2365; x_wconf 86' lang='lat' dir='ltr'>remansit,</span> <span class='ocrx_word' id='word_1_264' title='bbox 914 2318 993 2355; x_wconf 88' lang='lat' dir='ltr'>nisi</span> <span class='ocrx_word' id='word_1_265' title='bbox 1016 2317 1135 2368; x_wconf 92' lang='lat' dir='ltr'>clipei</span> <span class='ocrx_word' id='word_1_266' title='bbox 1157 2325 1310 2354; x_wconf 89' lang='lat' dir='ltr'>tantum</span> <span class='ocrx_word' id='word_1_267' title='bbox 1335 2333 1343 2362; x_wconf 86' lang='lat'>;</span> <span class='ocrx_word' id='word_1_268' title='bbox 1369 2315 1444 2354; x_wconf 89' lang='lat' dir='ltr'>hoc</span> <span class='ocrx_word' id='word_1_269' title='bbox 1476 2316 1602 2354; x_wconf 85' lang='lat' dir='ltr'>maxi-</span> 
     </span>
     <span class='ocr_line' id='line_1_32' title="bbox 110 2382 1601 2435; baseline -0.001 -15"><span class='ocrx_word' id='word_1_270' title='bbox 110 2396 171 2421; x_wconf 91' lang='lat' dir='ltr'>me</span> <span class='ocrx_word' id='word_1_271' title='bbox 193 2383 388 2421; x_wconf 89' lang='lat' dir='ltr'>timebant</span> <span class='ocrx_word' id='word_1_272' title='bbox 406 2397 454 2420; x_wconf 90' lang='lat' dir='ltr'>ne</span> <span class='ocrx_word' id='word_1_273' title='bbox 477 2385 525 2420; x_wconf 88' lang='lat' dir='ltr'>ab</span> <span class='ocrx_word' id='word_1_274' title='bbox 554 2384 648 2435; x_wconf 90' lang='lat' dir='ltr'>igne</span> <span class='ocrx_word' id='word_1_275' title='bbox 682 2384 823 2421; x_wconf 88' lang='lat' dir='ltr'>celesti</span> <span class='ocrx_word' id='word_1_276' title='bbox 857 2391 1152 2422; x_wconf 83' lang='lat' dir='ltr'>cremarentur.</span> <span class='ocrx_word' id='word_1_277' title='bbox 1180 2382 1258 2420; x_wconf 86' lang='lat' dir='ltr'>Sed</span> <span class='ocrx_word' id='word_1_278' title='bbox 1279 2391 1316 2419; x_wconf 83' lang='lat' dir='ltr'>et</span> <span class='ocrx_word' id='word_1_279' title='bbox 1344 2382 1437 2432; x_wconf 82' lang='lat' dir='ltr'>equi</span> <span class='ocrx_word' id='word_1_280' title='bbox 1461 2394 1601 2419; x_wconf 91' lang='lat' dir='ltr'>eorum</span> 
     </span>
     <span class='ocr_line' id='line_1_33' title="bbox 108 2446 1598 2500; baseline -0.002 -14"><span class='ocrx_word' id='word_1_281' title='bbox 108 2448 287 2500; x_wconf 88' lang='lat' dir='ltr'>dispersi</span> <span class='ocrx_word' id='word_1_282' title='bbox 303 2456 411 2495; x_wconf 82' lang='lat' dir='ltr'>sunt,</span> <span class='ocrx_word' id='word_1_283' title='bbox 436 2457 479 2486; x_wconf 89' lang='lat' dir='ltr'>ut</span> <span class='ocrx_word' id='word_1_284' title='bbox 491 2448 557 2486; x_wconf 80' lang='lat' dir='ltr'>vix</span> <span class='ocrx_word' id='word_1_285' title='bbox 578 2449 619 2486; x_wconf 90' lang='lat' dir='ltr'>in</span> <span class='ocrx_word' id='word_1_286' title='bbox 641 2449 837 2487; x_wconf 89' lang='lat' dir='ltr'>vicesimo</span> <span class='ocrx_word' id='word_1_287' title='bbox 858 2449 988 2487; x_wconf 84' lang='lat' dir='ltr'>stadio</span> <span class='ocrx_word' id='word_1_288' title='bbox 1023 2448 1319 2499; x_wconf 87' lang='lat' dir='ltr'>reperirentur.</span> <span class='ocrx_word' id='word_1_289' title='bbox 1346 2447 1463 2484; x_wconf 77' lang='lat' dir='ltr'>Multi</span> <span class='ocrx_word' id='word_1_290' title='bbox 1493 2446 1598 2483; x_wconf 90' lang='lat' dir='ltr'>enim</span> 
     </span>
     <span class='ocr_line' id='line_1_34' title="bbox 108 2511 1614 2567; baseline -0.001 -16"><span class='ocrx_word' id='word_1_291' title='bbox 108 2514 157 2551; x_wconf 92' lang='lat' dir='ltr'>de</span> <span class='ocrx_word' id='word_1_292' title='bbox 178 2513 240 2551; x_wconf 89' lang='lat' dir='ltr'>his</span> <span class='ocrx_word' id='word_1_293' title='bbox 255 2527 337 2552; x_wconf 92' lang='lat' dir='ltr'>non</span> <span class='ocrx_word' id='word_1_294' title='bbox 359 2523 454 2552; x_wconf 91' lang='lat' dir='ltr'>sunt</span> <span class='ocrx_word' id='word_1_295' title='bbox 468 2515 634 2552; x_wconf 88' lang='lat' dir='ltr'>inventi.</span> <span class='ocrx_word' id='word_1_296' title='bbox 658 2515 771 2553; x_wconf 92' lang='lat' dir='ltr'>Tunc</span> <span class='ocrx_word' id='word_1_297' title='bbox 792 2515 851 2552; x_wconf 93' lang='lat' dir='ltr'>illi</span> <span class='ocrx_word' id='word_1_298' title='bbox 870 2515 1072 2567; x_wconf 88' lang='lat' dir='ltr'>lapidibus</span> <span class='ocrx_word' id='word_1_299' title='bbox 1096 2515 1178 2552; x_wconf 91' lang='lat' dir='ltr'>cesi</span> <span class='ocrx_word' id='word_1_300' title='bbox 1195 2523 1232 2552; x_wconf 90' lang='lat' dir='ltr'>et</span> <span class='ocrx_word' id='word_1_301' title='bbox 1248 2513 1367 2550; x_wconf 90' lang='lat' dir='ltr'>humo</span> <span class='ocrx_word' id='word_1_302' title='bbox 1389 2511 1614 2564; x_wconf 81' lang='lat' dir='ltr'>prostrati‚&#39;</span> 
     </span>
     <span class='ocr_line' id='line_1_35' title="bbox 105 2579 1602 2632; baseline -0.002 -15"><span class='ocrx_word' id='word_1_303' title='bbox 105 2580 370 2630; x_wconf 89' lang='lat' dir='ltr'>penitentiam</span> <span class='ocrx_word' id='word_1_304' title='bbox 392 2588 575 2632; x_wconf 85' lang='lat' dir='ltr'>agentes,</span> <span class='ocrx_word' id='word_1_305' title='bbox 588 2581 747 2618; x_wconf 87' lang='lat' dir='ltr'>veniam</span> <span class='ocrx_word' id='word_1_306' title='bbox 763 2582 1036 2632; x_wconf 86' lang='lat' dir='ltr'>precabantur</span> <span class='ocrx_word' id='word_1_307' title='bbox 1053 2595 1075 2618; x_wconf 86' lang='lat' dir='ltr'>a</span> <span class='ocrx_word' id='word_1_308' title='bbox 1091 2581 1194 2626; x_wconf 87' lang='lat' dir='ltr'>Deo,</span> <span class='ocrx_word' id='word_1_309' title='bbox 1217 2580 1326 2631; x_wconf 91' lang='lat' dir='ltr'>quod</span> <span class='ocrx_word' id='word_1_310' title='bbox 1338 2579 1438 2616; x_wconf 89' lang='lat' dir='ltr'>male</span> <span class='ocrx_word' id='word_1_311' title='bbox 1461 2585 1602 2615; x_wconf 90' lang='lat' dir='ltr'>contra</span> 
     </span>
    </p>
   </div>
   <div class='ocr_carea' id='block_1_3' title="bbox 106 2737 1599 2863">
    <p class='ocr_par' dir='ltr' id='par_1_4' title="bbox 106 2737 1599 2863">
     <span class='ocr_line' id='line_1_36' title="bbox 147 2737 1599 2780; baseline 0 -13"><span class='ocrx_word' id='word_1_312' title='bbox 147 2737 181 2777; x_wconf 83' lang='lat' dir='ltr'>v)</span> <span class='ocrx_word' id='word_1_313' title='bbox 194 2738 291 2778; x_wconf 84' lang='lat' dir='ltr'>equis</span> <span class='ocrx_word' id='word_1_314' title='bbox 313 2738 348 2774; x_wconf 89' lang='lat' dir='ltr'>F,</span> <span class='ocrx_word' id='word_1_315' title='bbox 372 2738 410 2769; x_wconf 90' lang='lat' dir='ltr'>G.</span> <span class='ocrx_word' id='word_1_316' title='bbox 439 2757 480 2762; x_wconf 85' lang='lat'>--</span> <span class='ocrx_word' id='word_1_317' title='bbox 523 2739 556 2779; x_wconf 83' lang='lat' dir='ltr'>x)</span> <span class='ocrx_word' id='word_1_318' title='bbox 579 2750 614 2769; x_wconf 89' lang='lat' dir='ltr'>se</span> <span class='ocrx_word' id='word_1_319' title='bbox 634 2739 748 2770; x_wconf 79' lang='lat' dir='ltr'>tondit</span> <span class='ocrx_word' id='word_1_320' title='bbox 767 2741 805 2774; x_wconf 90' lang='lat' dir='ltr'>A,</span> <span class='ocrx_word' id='word_1_321' title='bbox 834 2740 869 2770; x_wconf 93' lang='lat' dir='ltr'>E.</span> <span class='ocrx_word' id='word_1_322' title='bbox 905 2758 946 2763; x_wconf 87' lang='lat'>-</span> <span class='ocrx_word' id='word_1_323' title='bbox 971 2740 1007 2780; x_wconf 70' lang='lat' dir='ltr'>y)</span> <span class='ocrx_word' id='word_1_324' title='bbox 1040 2739 1216 2780; x_wconf 80' lang='lat' dir='ltr'>predictus</span> <span class='ocrx_word' id='word_1_325' title='bbox 1244 2741 1279 2770; x_wconf 67' lang='lat' dir='ltr'>A.</span> <span class='ocrx_word' id='word_1_326' title='bbox 1309 2758 1350 2762; x_wconf 88' lang='lat'>—-</span> <span class='ocrx_word' id='word_1_327' title='bbox 1382 2741 1409 2779; x_wconf 75' lang='lat' dir='ltr'>z)</span> <span class='ocrx_word' id='word_1_328' title='bbox 1432 2737 1599 2779; x_wconf 77' lang='lat' dir='ltr'>requievit</span> 
     </span>
     <span class='ocr_line' id='line_1_37' title="bbox 106 2779 1598 2822; baseline 0 -13"><span class='ocrx_word' id='word_1_329' title='bbox 106 2779 142 2813; x_wconf 86' lang='lat' dir='ltr'>F.</span> <span class='ocrx_word' id='word_1_330' title='bbox 165 2779 204 2809; x_wconf 91' lang='lat' dir='ltr'>G.</span> <span class='ocrx_word' id='word_1_331' title='bbox 237 2798 278 2802; x_wconf 92' lang='lat'><strong>—</strong></span> <span class='ocrx_word' id='word_1_332' title='bbox 297 2781 328 2816; x_wconf 86' lang='lat' dir='ltr'>a)</span> <span class='ocrx_word' id='word_1_333' title='bbox 345 2780 444 2810; x_wconf 87' lang='lat' dir='ltr'>annis</span> <span class='ocrx_word' id='word_1_334' title='bbox 466 2782 503 2815; x_wconf 81' lang='lat' dir='ltr'>A,</span> <span class='ocrx_word' id='word_1_335' title='bbox 527 2781 564 2816; x_wconf 89' lang='lat' dir='ltr'>D,</span> <span class='ocrx_word' id='word_1_336' title='bbox 588 2781 624 2811; x_wconf 86' lang='lat' dir='ltr'>E.</span> <span class='ocrx_word' id='word_1_337' title='bbox 648 2781 736 2822; x_wconf 85' lang='lat' dir='ltr'>——b)</span> <span class='ocrx_word' id='word_1_338' title='bbox 754 2781 900 2822; x_wconf 81' lang='lat' dir='ltr'>fecitque</span> <span class='ocrx_word' id='word_1_339' title='bbox 921 2781 1080 2811; x_wconf 88' lang='lat' dir='ltr'>combros</span> <span class='ocrx_word' id='word_1_340' title='bbox 1102 2781 1194 2811; x_wconf 68' lang='lat' dir='ltr'>deest</span> <span class='ocrx_word' id='word_1_341' title='bbox 1215 2782 1251 2815; x_wconf 80' lang='grc' dir='ltr'>Ε,</span> <span class='ocrx_word' id='word_1_342' title='bbox 1272 2782 1304 2816; x_wconf 61' lang='lat' dir='ltr'>tf,</span> <span class='ocrx_word' id='word_1_343' title='bbox 1329 2782 1413 2811; x_wconf 59' lang='grc'>0.-</span> <span class='ocrx_word' id='word_1_344' title='bbox 1433 2783 1462 2819; x_wconf 73' lang='lat' dir='ltr'>c)</span> <span class='ocrx_word' id='word_1_345' title='bbox 1484 2780 1598 2810; x_wconf 80' lang='lat' dir='ltr'>mixtis</span> 
     </span>
     <span class='ocr_line' id='line_1_38' title="bbox 106 2820 1350 2863; baseline 0.002 -13"><span class='ocrx_word' id='word_1_346' title='bbox 106 2821 142 2857; x_wconf 88' lang='lat' dir='ltr'>F,</span> <span class='ocrx_word' id='word_1_347' title='bbox 159 2820 244 2851; x_wconf 87' lang='lat' dir='ltr'>G.——</span> <span class='ocrx_word' id='word_1_348' title='bbox 263 2821 298 2860; x_wconf 93' lang='lat' dir='ltr'>d)</span> <span class='ocrx_word' id='word_1_349' title='bbox 314 2821 553 2862; x_wconf 82' lang='lat' dir='ltr'>irrupentibus</span> <span class='ocrx_word' id='word_1_350' title='bbox 576 2823 658 2852; x_wconf 83' lang='grc' dir='ltr'><strong>Α.--</strong></span> <span class='ocrx_word' id='word_1_351' title='bbox 678 2826 707 2862; x_wconf 69' lang='grc' dir='ltr'>θ’)</span> <span class='ocrx_word' id='word_1_352' title='bbox 729 2822 817 2854; x_wconf 87' lang='lat' dir='ltr'>cesis</span> <span class='ocrx_word' id='word_1_353' title='bbox 832 2825 869 2853; x_wconf 78' lang='lat' dir='ltr'>A.</span> <span class='ocrx_word' id='word_1_354' title='bbox 892 2841 932 2846; x_wconf 94' lang='lat'>—</span> <span class='ocrx_word' id='word_1_355' title='bbox 953 2824 978 2863; x_wconf 85' lang='lat' dir='ltr'>s)</span> <span class='ocrx_word' id='word_1_356' title='bbox 999 2826 1236 2863; x_wconf 74' lang='lat' dir='ltr'>tegumentum</span> <span class='ocrx_word' id='word_1_357' title='bbox 1258 2823 1293 2858; x_wconf 84' lang='lat' dir='ltr'>F,</span> <span class='ocrx_word' id='word_1_358' title='bbox 1311 2823 1350 2853; x_wconf 85' lang='lat' dir='ltr'>G.</span> 
     </span>
    </p>
   </div>
  </div>
 </body>
</html>
