1908 3256
667 335 783 360 munit
815 336 966 361 luimus
1504 330 1548 364 15

61 445 77 463 «
106 426 290 479 justum¹
316 438 406 463 esse
435 425 683 470 decernitur,
711 424 941 476 habeasque
959 427 1099 463 foedus
1116 432 1129 454 5
1152 436 1189 464 et
1214 428 1434 465 amiciciam
1460 443 1546 465 cum

62 509 78 528 «
114 492 321 530 Clodoveo
337 499 374 528 et
395 498 515 542 gente
538 490 803 535 Francorum,
828 503 876 527 ne
898 491 998 528 sorte
1021 491 1176 529 irruant
1212 492 1251 529 in
1274 501 1420 530 terram
1459 506 1549 529 nos-

63 574 79 593 «
112 565 229 602 tram,
251 556 343 608 quia
357 556 533 607 populus
573 555 730 593 validus
755 564 792 593 et
816 557 924 593 serus
948 565 1022 602 est,
1048 557 1136 594 sine
1165 556 1265 595 Deo.
1300 574 1316 592 »
1344 557 1550 595 Audiens-

60 636 137 674 que
154 635 292 660 eorum
320 621 533 659 consilium
556 620 834 659 Gundobadus
852 622 988 660 dedit2
1015 635 1089 673 per
1119 636 1258 660 manus
1281 622 1550 660 Aurelianiad

59 696 214 740 partem
237 687 432 725 Clodovei
458 686 668 724 maximam
692 695 848 737 partem
870 687 1049 725 thesauri
1067 689 1144 735 sui,
1170 702 1308 726 aurum
1338 697 1376 726 et
1403 702 1545 739 argen-

59 761 156 799 tum,
187 761 423 790 ornamenta
451 752 573 789 multa
614 761 651 789 et
678 752 732 789 ait
768 768 774 789 :
813 769 829 788 «
866 752 972 800 Quid
1002 762 1126 791 restat
1148 754 1255 791 aliud
1279 755 1356 791 nisi
1376 762 1549 791 utonine

63 835 79 854 «
114 832 283 870 regnum
317 831 448 855 meum
483 832 570 855 cum
607 817 814 856 Clodoveo
842 818 1031 856 dividam.
1054 819 1141 857 »Et
1163 820 1262 856 dixit
1289 821 1337 856 ad
1372 820 1552 857 Aurelia-

61 897 154 921 num
174 899 180 921 :
209 900 225 919 «
244 884 467 922 Revertere
488 877 537 921 ad
553 883 772 921 Dominum
795 892 905 921 tuum
934 885 1028 935 quia
1049 884 1172 922 habes
1198 886 1232 922 ci
1259 887 1368 936 quod
1396 886 1552 923 deseras

64 966 80 985 (<
114 963 280 987 munera
307 949 430 987 multa
451 963 528 1000 que
551 963 631 986 non
654 949 862 987 laborasti.
892 966 908 985 »
928 949 978 987 Et
994 950 1048 988 ait
1067 950 1312 989 Aurelianus
1342 967 1348 988 :
1377 968 1393 986 «
1426 951 1551 988 Filius

63 1032 80 1050 «
112 1023 205 1053 tuus
227 1015 415 1053 dominus
437 1028 549 1053 meus
564 1023 624 1052 est
646 1014 876 1054 Clodoveus
893 1029 977 1053 rex.
1013 1016 1159 1054 Omnia
1172 1025 1308 1054 vestra
1329 1017 1555 1054 communia

64 1097 80 1116 ι(
114 1089 246 1118 erunt.
274 1096 290 1115 ³>
316 1080 367 1118 Et
394 1080 584 1118 dixerunt
609 1080 814 1132 sapientes
841 1081 1185 1133 Burgundiones:
1214 1099 1230 1117 α
1256 1082 1371 1120 Vivat
1394 1096 1463 1120 rex
1486 1083 1552 1133 qui

63 1162 80 1182 «
114 1146 213 1184 tales
236 1145 356 1184 habet
376 1146 518 1184 leudos
536 1149 542 1184 !
559 1162 575 1181 »
594 1146 885 1198 Reversusque
900 1156 961 1185 est
982 1146 1227 1186 Aurelianus
1245 1162 1334 1186 cum
1350 1148 1553 1186 thesauris

63 1212 198 1249 multis
226 1213 274 1249 ad
300 1212 507 1249 dominum
542 1226 657 1249 suum
697 1212 737 1249 in
781 1212 1006 1250 Franciam.
1045 1214 1276 1252 Clodoveus
1317 1215 1451 1266 itaque
1486 1227 1555 1251 rex

63 1277 234 1315 habebat
248 1277 372 1315 filium
389 1278 438 1315 de
454 1278 696 1321 concubina,
721 1279 884 1315 nomine
908 1278 1220 1317 Theodericum.

118 1342 307 1381 13.—E0
328 1351 511 1394 tempore
525 1343 703 1380 dilatavit
725 1343 957 1382 Clodoveus
977 1345 1225 1395 amplificans
1248 1359 1418 1397 regnum
1441 1359 1555 1382 suum

63 1422 191 1459 usque
225 1408 451 1459 Sequanam
470 1424 477 1453 3
504 1409 713 1459 sequentia
734 1417 917 1459 tempore
931 1408 1085 1460 usqueb
1105 1410 1290 1461 Ligerem
1308 1410 1470 1447 fluvium
1487 1426 1556 1448 oc-

63 1475 242 1526 cupavit3
262 1475 496 1525 accepitque
516 1473 760 1512 Aurelianus
779 1483 954 1512 castrum
978 1475 1260 1513 Malidunense
1277 1482 1289 1495 “”
1317 1490 1556 1527 omnemque

64 1542 249 1579 ducatum
266 1541 447 1593 regionis
464 1541 586 1578 illius.
613 1541 724 1578 Tunc
742 1541 927 1592 concepit
950 1541 1180 1579 Crochildis
1216 1557 1263 1580 ex
1292 1543 1497 1580 Clodoveo
1521 1551 1557 1579 et

64 1607 223 1658 peperit
243 1607 400 1652 filium3
438 1621 572 1657 quem,
609 1621 697 1644 cum
733 1607 933 1657 baptismo
974 1621 1215 1645 consecrare
1249 1609 1383 1648 vellet,
1408 1622 1556 1645 ——non

64 1673 170 1710 enirn
193 1674 382 1710 credebat
403 1686 474 1710 rex
490 1672 709 1710 Dominum
733 1673 878 1716 Deum,
902 1674 1110 1725 —regina
1138 1674 1266 1711 enimd
1288 1675 1434 1712 cotidie
1468 1688 1559 1725 pre-

65 1739 222 1776 dicabat
244 1739 278 1776 ei
296 1754 304 1785 3
324 1747 362 1776 at
383 1738 449 1775 ille
466 1738 629 1776 nolebat
651 1738 789 1775 audire
807 1752 908 1775 eam.
936 1738 1096 1776 interea
1111 1740 1251 1791 regina
1270 1748 1383 1790 parat
1407 1740 1557 1790 baptis-

64 1818 184 1851 mum,
209 1813 325 1842 ornat
347 1804 558 1841 ecclesiam
574 1804 675 1841 velis
707 1812 826 1855 atque
843 1805 1083 1851 cortinis,ut
1104 1819 1174 1843 cor
1189 1806 1298 1857 regis
1318 1806 1366 1843 ad
1392 1806 1558 1843 creden-

63 1871 155 1908 dum
179 1878 536 1921 compungeretur.
551 1869 786 1920 Baptizatus
809 1879 869 1907 est
885 1879 1015 1908 autem
1038 1884 1140 1922 puer
1155 1885 1273 1922 quem
1291 1871 1559 1923 Ingomii‘eni⁰

62 1936 233 1981 vocavit,
259 1936 382 1987 quiin
411 1936 513 1987 ipsis
541 1935 642 1972 albis
658 1944 849 1987 egrotans
878 1936 992 1974 obiit.
1014 1937 1095 1975 Pro
1118 1952 1198 1989 quo
1220 1951 1289 1975 rex
1316 1937 1435 1974 nimis
1459 1951 1558 1975 con-

61 2002 244 2040 tristatus
269 2001 743 2053 reputabatincrepando
766 2002 905 2039 dicens
927 2018 933 2039 :
962 2019 978 2037 «
1005 2003 1107 2050 Quia
1130 2001 1184 2039 sis
1205 2003 1245 2039 in
1268 2002 1430 2039 nomine
1454 2001 1557 2039 Deo-

64 2084 80 2102 «
106 2081 194 2105 rum
211 2081 392 2105 meorum
415 2068 623 2105 dedicatus
647 2067 790 2105 suisset
815 2068 1024 2119 vixitqueg
1039 2069 1190 2120 utique.
1218 2068 1320 2116 Quia
1335 2068 1374 2105 in
1397 2068 1558 2105 nomine

64 2150 80 2168 «
107 2133 182 2170 Dei
202 2132 314 2170 veri¹'
336 2133 561 2184 baptizatus
584 2142 660 2177 est,
677 2134 813 2171 vivere
841 2147 921 2171 non
942 2134 1085 2184 potuit.
1115 2151 1130 2169 n
1152 2134 1308 2185 Regina
1328 2148 1426 2171 vero
1448 2134 1558 2171 dice-

62 2200 127 2236 bat
146 2214 152 2235 :
169 2215 185 2235 α
211 2198 299 2236 Deo
315 2199 465 2250 gratias
480 2213 555 2250 ago
580 2199 672 2249 quia
689 2213 749 2236 me
766 2213 846 2236 non
857 2199 969 2236 duxit
991 2200 1197 2251 indignam
1212 2209 1253 2237 ut
1269 2201 1317 2237 de
1340 2208 1454 2237 utero
1470 2213 1558 2236 meo

64 2280 79 2299 «
103 2265 420 2316 primogenitum
444 2264 482 2302 in
504 2278 675 2315 regnum
708 2278 823 2302 suurn
843 2265 1026 2316 recipere
1043 2265 1293 2316 dignaretur.
1320 2265 1408 2316 Ego
1428 2274 1556 2302 autem

64 2346 80 2364 «
100 2330 139 2366 in
163 2331 284 2368 corde
307 2344 395 2368 meo
413 2330 566 2367 nullum
590 2330 773 2367 dolorem
788 2344 863 2381 pro
886 2330 957 2368 hac
975 2345 1094 2368 causa
1115 2332 1319 2369 retineo».
1336 2331 1436 2369 Post
1453 2331 1556 2368 hunc

59 2409 157 2433 vero
173 2396 314 2447 genuit
347 2396 467 2433 alium
486 2396 611 2433 filium
652 2410 770 2447 quem
803 2397 1046 2447 baptizatum
1079 2396 1354 2435 Clodomircm
1382 2397 1554 2434 vocavit.

61 2458 111 2497 Et
127 2460 191 2497 hic
213 2475 301 2498 cum
317 2470 528 2513 aegrotare
552 2461 757 2512 coepisset
781 2462 880 2499 dixit
895 2476 965 2499 rex
986 2478 992 2499 :
1022 2479 1038 2498 «
1057 2463 1146 2500 Non
1168 2471 1303 2513 potest
1337 2463 1443 2500 aliud
1467 2476 1557 2499 esse

63 2540 79 2559 «
98 2525 177 2562 nisi
194 2534 232 2563 et
247 2527 294 2563 de
317 2526 395 2564 isto
419 2527 477 2563 sic
495 2526 548 2563 sit
569 2525 576 2547 i
597 2527 800 2576 quomodo
824 2527 896 2564 suit
913 2529 960 2565 de
983 2529 1105 2565 fratre
1134 2526 1236 2579 ejus,
1262 2536 1304 2565 ut
1329 2528 1555 2578 baptizatus

63 2604 79 2623 «
104 2589 144 2626 in
178 2590 341 2627 nomine
376 2590 529 2628 Christi
551 2591 678 2628 vestri
700 2591 778 2628 cito
807 2591 1056 2629 moriatur».
1082 2592 1162 2629 Sed
1184 2600 1324 2629 orante
1361 2592 1501 2642 regina
1518 2596 1556 2628 ct

102 2721 133 2757 x)
152 2719 286 2760 justum
306 2721 451 2755 deestD,
471 2721 507 2753 E.
532 2721 566 2755 F,
586 2720 625 2751 G.
648 2739 689 2743 —
708 2721 741 2761 y)
763 2721 897 2762 phedus
919 2722 957 2752 D.
980 2740 1020 2744 -
1040 2722 1071 2760 z)
1087 2721 1182 2751 dedit
1201 2721 1295 2750 deest
1318 2721 1354 2751 D.
1385 2740 1426 2744 —
1446 2723 1479 2758 ε>ι
1503 2731 1556 2750 se-

61 2761 178 2802 quenti
199 2772 280 2793 vero
301 2763 337 2792 E.
356 2763 392 2797 κ,
410 2762 449 2793 G.
460 2762 547 2801 ——b)
565 2773 675 2802 usque
696 2763 739 2792 ad
761 2764 800 2793 G.
822 2781 864 2786 -—
883 2763 913 2801 c)
935 2763 1162 2793 Milidunense
1185 2764 1220 2797 F
1246 2764 1282 2797 1·‚
1300 2764 1339 2798 G,
1362 2781 1402 2785 »-
1418 2763 1454 2801 (1)
1477 2774 1556 2793 vei«)

62 2803 98 2836 Ε,
121 2804 156 2838 Γ,
179 2802 219 2834 G.
236 2803 542 2844 -ορΙῃςοῐηίΓίιη
571 2804 605 2837 F
629 2804 668 2834 G.
686 2805 768 2841 -Η
790 2804 819 2834 si
848 2804 1027 2834 dedicatus
1050 2805 1086 2838 Ε,
1112 2806 1146 2838 1·
1170 2805 1208 2835 G.
1227 2823 1267 2827 ——
1289 2808 1323 2845 g)
1347 2809 1557 2844 vixissctque

62 2845 99 2880 l),
123 2846 158 2874 E.
183 2852 285 2885 atque
311 2845 465 2880 vixisset,
490 2846 524 2880 F,
548 2846 587 2876 G.
605 2846 693 2885 —h)
711 2846 816 2876 vestri
838 2846 874 2881 Ι,
897 2846 936 2877 G.
954 2865 994 2868 —
1013 2846 1036 2887 i)
1060 2846 1108 2875 sie
1124 2847 1185 2876 fiat
1207 2847 1242 2880 E
1262 2846 1295 2879 1
1320 2846 1358 2876 G.
