1908 3256
238 266 311 300 120
752 277 936 302 Annum}
970 277 1211 303 (311n0x1CON

234 376 271 405 vt
294 376 426 406 cetera
447 367 581 404 onmia
599 367 763 405 flumina
783 381 858 419 per
881 368 1050 406 Galliam
1074 368 1205 406 solida
1239 371 1361 425 glatie
1383 370 1526 408 stricta
1560 370 1724 416 fuerint,

229 442 271 471 ut
291 433 383 484 plus
406 445 489 470 xxx
508 433 652 470 diebus
676 433 858 484 plaustra
880 435 1060 486 undique
1087 439 1293 476 currentia
1322 437 1444 475 velud
1466 445 1575 475 terra
1596 435 1723 473 susti-

227 499 405 544 nuerint,
429 508 467 536 et
506 499 704 537 resolutio
732 512 871 537 eorum
906 514 927 538 a
972 502 1094 553 glatie
1134 517 1324 555 magnum
1359 502 1494 541 intulit
1526 502 1715 539 damnum

231 565 479 602 hominibus.

281 635 318 670 8.
342 653 394 659 —-
414 630 534 669 Anno
551 631 806 683 sequenti,id
823 634 947 671 estab
961 633 1241 673 incarnatione
1262 635 1427 673 Domini
1449 646 1661 679 Dcccxxn,
1680 634 1721 672 in

229 696 423 749 Toringa,
466 696 580 749 juxta
620 699 822 749 quendam
864 698 1046 745 fluvium,
1090 714 1236 752 cespes
1269 701 1418 753 longus
1458 713 1480 738 L
1527 700 1724 752 pedibus,

227 763 332 801 latus
353 775 447 800 x1111
469 763 662 815 pedibuS,
686 763 790 802 altus
814 777 900 812 sex,
919 765 987 816 qui
1008 766 1112 817 pede
1134 767 1319 806 sublatus
1343 775 1405 805 est
1425 767 1475 805 de
1501 774 1612 805 terra
1633 765 1720 804 sine

228 829 416 867 manibus
435 829 808 881 precidentibuS,et
826 832 874 868 ab
889 844 936 869 eo
953 831 1106 878 loc0,in
1123 846 1203 885 quo
1225 841 1413 884 sumptus
1429 840 1506 879 est,
1522 844 1606 870 xxv
1616 831 1729 884 pedi-

231 898 306 933 bus
340 896 529 934 distabat.
571 895 614 934 In
645 896 795 934 finibus
831 897 1228 950 Soraborum‚juxta
1258 899 1387 937 lacum
1428 898 1577 944 Arseo,
1617 906 1728 936 terra

231 962 434 1009 intumuit,
456 962 561 1000 sicut
582 976 709 1014 agger
731 963 879 1015 longus
902 977 981 1001 una
1003 964 1122 1016 leuga
1155 973 1207 1009 et,
1236 979 1315 1002 una
1344 973 1462 1003 nocte
1494 978 1571 1016 per
1593 977 1726 1002 seme-

231 1028 382 1079 tipsum
416 1029 464 1066 ad
506 1029 636 1066 instar
655 1029 774 1067 vallis
797 1039 977 1067 erectum
1002 1039 1077 1069 est.
1102 1030 1452 1082 VVinigisus,dux
1472 1030 1725 1082 Spolitanus,

225 1094 308 1147 jam
331 1108 470 1141 senex,
487 1094 625 1133 habitu
649 1096 823 1133 seculari
847 1097 1051 1147 deposito,
1074 1096 1296 1135 monachus
1320 1098 1447 1135 factus
1478 1104 1554 1144 est,
1576 1104 1615 1135 et
1635 1104 1731 1147 post

232 1162 445 1207 modicum,
470 1169 600 1199 tactus
629 1162 876 1205 infirmitate,
898 1163 1014 1210 obiit,
1039 1164 1078 1201 in
1104 1162 1219 1215 cujus
1244 1164 1377 1202 locum
1400 1165 1648 1214 subrogatus
1670 1174 1736 1203 est

232 1226 389 1277 Suppo,
414 1240 549 1264 comes
574 1226 714 1264 Brixie
738 1227 928 1265 civitatis.
955 1228 1140 1266 Domnus
1160 1229 1398 1280 imperator,
1422 1227 1596 1266 consilio
1619 1227 1732 1279 epis-

231 1306 427 1343 coporum
444 1301 482 1330 et
503 1293 743 1344 optimatum
766 1307 947 1340 suorum,
973 1294 1120 1332 iterum
1142 1295 1434 1333 reconciliatus
1457 1302 1520 1332 est
1535 1292 1731 1331 fratribus

231 1358 315 1395 suis
339 1372 442 1409 quos
464 1358 614 1396 invitos
636 1360 807 1397 tondere
829 1358 1028 1412 jusserat,
1053 1369 1092 1398 et
1113 1362 1161 1398 de
1186 1360 1249 1398 his
1272 1369 1311 1399 et
1332 1361 1380 1398 de
1409 1359 1498 1397 aliis
1521 1372 1599 1411 que
1633 1372 1731 1410 erga

230 1424 501 1469 Bernardum,
527 1434 713 1476 nepotem
732 1440 865 1473 suum,
890 1434 928 1464 et
946 1427 1054 1464 circa
1075 1426 1369 1472 Adhelardum,
1390 1428 1575 1464 abbatem
1594 1438 1727 1471 suum,

231 1498 348 1541 gesta
364 1498 472 1537 sunt,
499 1491 704 1542 publicam
736 1491 883 1530 iterum
916 1493 1220 1531 confessionem
1250 1493 1357 1538 fecit,
1389 1501 1428 1531 et
1455 1491 1728 1544 penitenciam

232 1555 328 1606 egit,
350 1563 389 1593 et
410 1556 607 1608 quicquid
622 1556 711 1608 ipse
731 1557 797 1595 vel
817 1566 934 1609 pater
954 1557 1057 1610 ejus,
1079 1560 1254 1597 domnus
1272 1558 1464 1606 Karolus,
1489 1566 1631 1596 contra
1652 1556 1728 1594 ali-

232 1633 335 1670 quos
356 1622 611 1672 perpetravit
645 1637 734 1660 cum
757 1624 889 1675 culpa,
922 1625 1154 1663 emendavit
1183 1638 1273 1662 cum
1305 1637 1466 1662 summa>
1491 1622 1722 1661 devotione.

235 1684 346 1723 Tunc
371 1686 480 1725 misit
507 1688 725 1726 exercitum
748 1689 787 1726 in
811 1689 1064 1727 Pannoniam
1086 1691 1135 1728 ad
1166 1690 1453 1728 debellandum
1487 1687 1728 1727 Liudewin-

230 1760 328 1798 tum,
353 1751 468 1803 cujus
490 1753 698 1792 adventuij
722 1754 1006 1794 Liudewintus
1030 1765 1256 1808 comperto,
1282 1757 1331 1794 ad
1348 1756 1544 1802 Sorabos,
1569 1755 1610 1792 in
1632 1753 1728 1792 Dal-

234 1817 392 1855 matiam
424 1819 526 1871 fugit
547 1828 585 1858 et
606 1834 728 1858 unum
751 1822 894 1859 ducem
916 1835 1073 1867 eorum,
1091 1822 1159 1873 qui
1183 1836 1272 1860 eum
1294 1822 1466 1873 recepit,
1484 1821 1578 1859 dolo
1606 1820 1728 1858 inter-

234 1883 341 1931 fecit,
377 1892 414 1922 et
449 1885 650 1923 civitatem
686 1885 773 1938 ejus
805 1888 948 1935 tenuit,
985 1888 1176 1939 misitque
1215 1888 1372 1940 legatos
1413 1888 1463 1925 ad
1503 1886 1726 1925 exercitum

232 1949 506 2000 imperatoris,
521 1951 663 1989 volens
685 1953 826 1990 venire
848 1955 897 1991 ad
920 1945 1024 1991 eum.
1051 1953 1218 1992 Interim
1245 1954 1443 2000 Saxones,
1462 1951 1584 2005 jussu
1604 1952 1729 2004 impe-

232 2015 398 2062 ratoris,
422 2017 632 2055 castellum
654 2027 767 2056 trans
786 2018 946 2057 Albiam
969 2021 1078 2071 quod
1100 2020 1251 2058 dicitur
1272 2020 1501 2065 Delbende,
1524 2019 1659 2071 pulsis
1681 2032 1730 2056 ex

231 2094 278 2118 eo
302 2081 474 2127 Sclavis‚
501 2083 684 2121 Saxones
706 2084 746 2122 in
769 2098 815 2122 eo
830 2095 1062 2136 posuerunt
1091 2095 1234 2124 contra
1263 2085 1524 2124 incursiones
1546 2085 1725 2122 illorum.

231 2147 345 2185 Tunc
367 2148 537 2186 comites
571 2149 737 2188 Marche
773 2151 985 2203 Hispanie,
1010 2152 1184 2190 transito
1224 2152 1347 2190 ssuvio
1369 2152 1478 2198 Rim,
1501 2151 1542 2188 in
1574 2150 1729 2202 Hispa-

232 2213 338 2251 niam
359 2215 549 2265 profecti,
584 2217 754 2255 vastatis
776 2218 887 2270 agris
919 2227 957 2256 et
979 2218 1159 2256 incensis
1181 2218 1307 2265 villis,
1332 2231 1421 2256 cum
1443 2217 1570 2255 multa
1601 2216 1729 2268 preda

232 2279 389 2317 reversi
421 2290 528 2319 sunt.
557 2281 755 2321 Similiter
776 2284 816 2321 in
849 2292 1056 2331 autumno,
1115 2285 1284 2322 comites
1320 2283 1544 2327 Britaniae,
1587 2289 1729 2320 contra

230 2344 487 2384 Wiomarum
516 2348 774 2399 expeditione
815 2350 930 2397 facta,
955 2350 1091 2387 omnia
1122 2351 1230 2388 ferro
1258 2359 1297 2389 et
1329 2349 1414 2402 igni
1443 2355 1725 2388 vastaverunt.

230 2410 458 2462 Imperator
489 2427 602 2459 vero,
625 2423 772 2452 venatu
803 2429 982 2467 pergens
1021 2415 1302 2463 Arduennam,
1336 2414 1572 2454 Lotharium
1601 2413 1728 2451 filium

231 2491 347 2515 suum
370 2478 481 2516 misit
502 2479 542 2516 in
561 2479 732 2526 Italiam,
769 2494 858 2518 cum
881 2495 960 2533 quo
976 2481 1164 2519 XValaum
1194 2481 1452 2527 monachum,
1476 2477 1728 2530 consangui-

227 2557 347 2581 neum
369 2557 501 2591 suum,
537 2546 701 2584 fratrem
719 2546 911 2585 videlicet
941 2547 1157 2585 Adhilardi
1189 2547 1364 2593 abbatis,
1395 2555 1434 2585 et
1466 2545 1722 2597 Gerungum,

227 2609 494 2648 hostiariumk
520 2611 658 2663 palatii
687 2613 944 2664 magistrum,
977 2614 1098 2652 simul
1129 2614 1293 2662 direxit,
1337 2615 1406 2667 qui
1436 2615 1472 2652 ei
1510 2612 1727 2652 consilium

226 2677 449 2727 preberent
478 2677 528 2715 ad
566 2678 781 2717 utilitatem
822 2679 954 2731 regni.
989 2679 1181 2731 Pipinum
1219 2689 1351 2719 autem
1390 2680 1431 2718 in
1464 2679 1727 2732 Aquitaniam

272 2803 298 2843 j)
319 2803 506 2834 adventum
527 2805 564 2839 Α,
590 2804 628 2840 D,
652 2805 688 2840 E,
712 2805 862 2836 adventu
884 2804 976 2837 G.—
996 2805 1030 2847 k)
1051 2805 1220 2837 hostiario
1245 2808 1285 2838 A.
