1908 3256
643 339 758 363 Lini-:u
793 340 1004 365 suctzx‘mts
1511 338 1556 371 01

74 432 169 470 lium
201 442 384 485 portans,
421 434 658 471 ambonem⁰
691 431 945 475 conscendit,
992 440 1031 469 et
1070 432 1255 471 invocato
1296 443 1432 472 sancte
1473 435 1557 472 Tri-

73 497 210 535 nitatis
240 496 706 549 nomine,jurejurando
737 500 785 535 ab
818 496 989 547 objectis
1020 498 1258 535 criminibus
1290 513 1331 536 se
1354 501 1559 551 purgavit.

74 562 228 600 Eodem
245 563 308 601 die
324 563 539 601 Zacharias
555 577 645 601 cum
662 565 821 601 duobus
838 561 1062 603 monachis,
1082 576 1160 600 uno
1177 564 1225 601 dc
1242 572 1374 601 monte
1393 564 1557 605 oliveti.

74 627 200 665 altero
219 628 268 665 de
285 628 434 666 Sancto
457 628 577 673 Saba,
602 630 650 666 de
673 629 842 666 Oriente
870 641 1078 671 reversus,
1102 628 1269 665 Romam
1299 631 1422 673 venit,
1459 644 1561 680 quos

73 692 305 744 patriarcha
325 693 373 730 ad
395 706 534 744 regem
558 693 682 738 misit,
707 693 776 744 qui
795 692 1092 729 benedictionis
1110 706 1228 729 causa
1263 694 1395 730 claves
1414 695 1561 745 Sepul-

75 758 162 795 chri
180 758 384 796 Dominici
408 771 451 795 ac
475 759 552 795 loci
580 759 781 803 Calvarie‚
813 758 946 795 claves
977 758 1092 794 etiam
1133 759 1306 796 civitatis
1338 768 1375 796 et
1416 760 1561 796 montis

77 822 226 861 Oliveti
249 837 338 861 cum
359 823 511 861 vexillo
543 824 806 875 *detulerunt;
847 836 950 873 quos
991 836 1058 860 rex
1099 824 1274 875 benigne
1313 825 1559 875 suspiciens,

76 888 241 939 aliquod
259 888 347 926 dies
370 902 509 925 secum
531 889 719 933 detinuit,
744 896 782 926 et
798 889 916 939 aprili
938 902 1074 926 mense
1092 897 1371 926 remuneratos
1389 889 1564 925 absolvit

77 953 381 1005 celebravitque
404 953 588 991 Natalem
612 953 776 990 Domini
800 953 943 991 Rome.
970 953 1062 1005 Ipsa
1084 962 1213 991 autem
1237 955 1300 991 die
1334 954 1564 991 sacratissi-

77 1032 139 1056 ma
158 1018 313 1056 Natalis
334 1019 515 1064 Domini,
535 1033 624 1056 curn
647 1032 718 1056 rex
740 1020 789 1056 ad
818 1020 982 1056 missam
1017 1028 1107 1056 ante
1130 1020 1428 1056 confessionem
1456 1020 1565 1057 Beati

78 1084 190 1122 Petri
212 1084 387 1135 apostoli
410 1085 458 1121 ab
481 1085 665 1122 oratione
689 1094 892 1136 surgeret,
914 1085 1101 1122 dominus
1131 1084 1212 1122 Leo
1240 1098 1344 1136 papa
1378 1098 1566 1122 coronam

77 1150 199 1202 capiti
222 1149 309 1202 ejus
332 1150 527 1202 imposuit
543 1158 581 1187 et
603 1164 624 1187 a
642 1159 786 1188 cuncto
808 1151 962 1202 populo
984 1150 1258 1188 Romanorum
1270 1156 1283 1177 f*
1305 1151 1567 1188 adclamatum

78 1225 164 1254 est:
186 1232 203 1251 κ
228 1215 380 1253 Karolo
402 1215 592 1268 Augusto
614 1229 635 1253 a
657 1216 745 1254 Deo
768 1225 978 1262 coronato,
1003 1230 1148 1268 magno
1172 1225 1207 1253 et
1236 1216 1405 1267 pacifico
1439 1216 1568 1266 impe-

80 1299 97 1317 «
115 1282 241 1320 rator-i
263 1281 558 1325 Romanor-um,
582 1282 665 1319 vita
687 1291 725 1319 et
746 1282 918 1319 victoria
937 1285 943 1319 !
972 1297 988 1316 »
1012 1281 1143 1318 Antea
1165 1282 1270 1319 enim
1293 1282 1465 1318 domnus
1490 1280 1569 1318 Ka-

78 1347 190 1385 rolus
211 1348 434 1385 vocabatur
450 1349 498 1385 ab
517 1348 707 1385 omnibus
724 1361 795 1385 rex
819 1348 1067 1385 Francorum
1092 1356 1127 1385 et
1145 1348 1339 1399 patricius
1363 1347 1569 1384 Romano-

78 1426 182 1450 rum.
208 1412 288 1450 Sed
309 1422 403 1464 post
436 1413 593 1459 laudes,
630 1427 651 1450 a
692 1415 841 1451 domno
879 1413 1120 1464 Apostolico
1162 1426 1271 1450 more
1312 1412 1569 1463 antiquorum

79 1478 313 1530 principum
336 1479 528 1516 adoratus
551 1487 613 1516 est
635 1488 771 1530 atque,
795 1479 928 1516 ablato
950 1479 1110 1530 patricii
1143 1478 1319 1524 nomine,
1350 1478 1570 1528 imperator

81 1552 118 1582 et
147 1552 344 1595 augustus
376 1552 438 1581 est
458 1543 703 1595 appellatus.
729 1544 829 1581 Post
852 1557 1004 1595 paucos
1027 1552 1157 1581 autem
1180 1542 1484 1593 ‹liesjussiteos
1501 1543 1570 1593 qui

79 1622 226 1661 papam
258 1622 363 1646 anno
394 1609 600 1661 superiori
634 1609 1027 1647 dehonestaverant‘1
1049 1608 1246 1648 exhiberi.
1283 1617 1320 1646 et
1353 1607 1487 1645 habita
1522 1608 1570 1645 de

81 1674 140 1712 eis
163 1675 395 1726 questione,
421 1676 647 1713 secundum
669 1675 801 1727 legem
818 1688 1023 1713 romanam
1046 1683 1088 1712 ut
1109 1673 1330 1725 majestatis
1360 1673 1418 1710 rei
1442 1673 1572 1724 capite

82 1741 258 1779 damnati
281 1749 394 1780 sunt.
419 1740 501 1779 Pro
523 1742 673 1792 quibus
695 1750 828 1779 tamen
847 1754 953 1792 papa
968 1741 1036 1792 pio
1058 1740 1200 1777 affectu
1224 1740 1330 1791 apud
1353 1740 1572 1790 imperato-

81 1818 166 1844 rem
187 1806 435 1851 intercessit,
460 1814 497 1844 et
526 1807 608 1844 vita
628 1816 666 1844 et
689 1808 868 1844 membra
890 1807 948 1843 eis
971 1819 1166 1843 concessa
1185 1814 1292 1850 sunt,
1312 1813 1349 1842 et
1369 1818 1443 1855 pro
1476 1804 1573 1840 saci-

81 1871 195 1909 noris
216 1871 496 1923 magnitudine
514 1873 635 1910 exilio
657 1873 859 1924 deportati
882 1880 992 1917 sunt,
1016 1872 1055 1908 id
1090 1880 1150 1909 est
1173 1870 1383 1908 Pasclialis
1406 1883 1574 1906 nomen-

83 1937 237 1975 culator
249 1945 288 1975 et
302 1937 525 1988 Campulus
539 1938 792 1984 sacellarius,
806 1946 844 1975 et
860 1938 974 1975 multi
991 1937 1058 1974 alii
1076 1937 1256 1973 Romane
1270 1936 1381 1973 urbis
1396 1935 1570 1972 nobiles.

83 2001 294 2040 Ordinatis
316 2003 463 2040 deinde
481 2003 662 2041 Romane
683 2004 797 2041 urbis
816 2012 853 2041 et
873 2002 1102 2054 Apostolici
1124 2003 1329 2053 totiusque
1351 2000 1462 2039 ltalie
1495 2015 1572 2038 non

81 2076 235 2106 tantum
257 2068 436 2120 publicis
459 2069 532 2106 sed
553 2069 672 2107 etiam
696 2069 986 2107 ecclesiasticis
1022 2077 1060 2106 et
1099 2067 1269 2119 privatis
1310 2068 1446 2111 rebus,
1484 2080 1572 2104 nam

81 2142 165 2172 tota
185 2133 316 2172 hieme
338 2147 418 2171 non
441 2134 550 2172 aliud
573 2135 668 2172 fecit
695 2135 934 2186 imperator,
961 2134 1070 2171 misit
1100 2134 1244 2170 iterum
1279 2133 1318 2169 in
1361 2132 1573 2169 Beneven-

81 2199 215 2237 tianos
244 2199 545 2251 expeditionem
579 2214 668 2238 curn
710 2200 863 2251 Pipino
899 2200 982 2237 filio
1020 2213 1108 2245 suo,
1146 2199 1234 2249 ipse
1268 2206 1363 2249 post
1399 2197 1574 2234 Paschar

81 2270 158 2302 νῐι0
177 2264 372 2302 kalendas
396 2265 488 2302 maii
505 2278 525 2302 a
539 2265 669 2303 Roma
684 2267 910 2317 profectus,
930 2265 1142 2316 Spoletum
1158 2263 1282 2308 venit,
1301 2271 1338 2300 et
1355 2263 1447 2300 dum
1465 2271 1574 2299 esset

80 2329 135 2368 ibi
158 2330 290 2381 pridie
312 2329 508 2367 kalendas
531 2331 640 2376 maii,
658 2330 759 2368 hora
780 2331 912 2368 noctis
936 2330 1130 2374 secunda,
1155 2338 1262 2366 terre
1285 2336 1418 2365 motus
1444 2327 1570 2363 maxi-

84 2409 174 2432 mus
198 2396 325 2433 factus
356 2403 432 2442 est,
457 2409 538 2446 quo
559 2404 642 2433 tota
665 2395 780 2433 Italia
799 2396 982 2448 graviter
1003 2407 1203 2432 concussa
1224 2402 1298 2430 est.
1333 2392 1422 2440 Quo
1463 2400 1573 2428 motu

82 2470 233 2499 tectum
255 2461 423 2498 basilice
448 2460 560 2498 Beati
584 2461 700 2498 Pauli
730 2462 906 2513 apostoli
947 2474 1090 2512 magna
1125 2474 1171 2497 ex
1209 2467 1323 2510 parte
1365 2471 1452 2495 cum
1487 2457 1572 2493 suis

82 2526 268 2565 trabibus
285 2526 451 2571 decidit,
476 2535 514 2563 et
535 2526 575 2563 in
592 2527 837 2577 quibusdam
854 2527 955 2564 locis
971 2527 1176 2576 urbesque
1194 2528 1371 2561 montes⁵
1389 2530 1571 2560 rum-unt.

84 2591 356 2630 Tremuerunt
377 2592 519 2630 eodem
542 2605 647 2629 anno
664 2593 837 2643 quedam
859 2592 947 2630 loca
969 2592 1076 2628 circa
1092 2590 1273 2628 Hrenum
1295 2589 1457 2626 ssuviuin
1477 2596 1513 2624 et
1536 2587 1574 2622 in

85 2656 216 2696 Gallia
238 2666 277 2696 et
304 2657 535 2696 Germania.
568 2656 619 2695 Et
646 2659 747 2696 sacta
781 2666 842 2696 est
881 2657 1115 2709 pestilentia
1150 2663 1321 2707 propter
1359 2652 1573 2691 molliciem

126 2813 158 2849 o)
196 2809 387 2840 ambonens
414 2810 454 2845 D,
479 2810 516 2840 E.
538 2826 578 2833 —
614 2810 650 2851 p)
689 2810 923 2841 Romanorum
961 2809 1054 2838 deest
1086 2808 1122 2841 E.
1148 2807 1181 2840 F.
1211 2806 1251 2838 G.
1275 2824 1314 2829 —
1333 2808 1366 2846 q)
1406 2805 1576 2834 dehones-

84 2854 247 2881 taverunt
273 2852 310 2885 Α,
333 2852 372 2887 D,
389 2851 427 2887 F,
449 2851 489 2882 G.
520 2869 557 2874 —
578 2851 704 2892 r)post
724 2862 837 2892 pauca
859 2852 895 2887 E,
919 2851 955 2887 F,
973 2850 1014 2882 G'
1038 2868 1075 2873 —
1098 2852 1126 2887 s)
1149 2853 1349 2887 montesque
1373 2848 1405 2882 1³,
1433 2847 1471 2877 G,
