1908 3256
658 330 774 355 mutin
807 331 983 357 Titurius
1490 326 1561 362 183

73 427 226 477 ceptus
261 435 283 460 a
315 419 582 460 monachism
610 435 708 461 cum
733 429 855 462 textu
885 430 1138 462 sanctorum
1169 423 1497 481 evangeliorum
1521 434 1563 466 et

70 489 463 540 timiamatherio¹¹‚
498 489 611 531 sicut
640 507 815 548 semper
841 492 894 532 ab
924 491 985 532 eis
1009 491 1095 532 dux
1118 493 1228 533 solet
1257 493 1417 549 excipi.
1458 495 1561 536 Inde

72 560 126 602 ad
154 561 374 602 tumulum
404 561 544 602 sancti
567 562 790 603 Marcialis
815 562 991 603 missam
1027 563 1220 613 audivit,
1252 573 1293 604 et
1325 565 1446 619 juxta
1477 581 1562 605 mo-

72 631 319 674 nasterium
343 648 393 673 eo
423 631 493 673 die
524 633 735 692 regaliter
764 634 1012 690 hospitatus
1037 643 1116 675 est.
1145 635 1348 675 Crastino
1383 636 1559 677 barbam

73 704 214 746 electo
238 703 445 745 benedici
466 704 593 761 jubet
614 714 655 745 et
675 704 874 756 detondi,
907 715 947 747 et
965 705 1026 747 sic
1049 706 1101 747 ad
1125 706 1273 747 sedem
1298 707 1435 747 saneti
1453 708 1562 748 Mar-

73 775 200 817 cialis
223 774 265 816 in
292 775 388 816 aula
413 775 563 817 Sancti
589 776 804 832 Stephani
828 776 1065 817 Jordanum
1090 776 1290 827 deduxit,
1310 786 1349 818 et
1374 794 1469 818 cum
1494 780 1562 819 ba-

73 846 174 888 culo
217 846 429 904 pastorali
466 846 529 887 ibi
570 862 668 888 eum
708 848 845 907 gratis
886 849 1053 889 honore
1084 849 1326 905 pontificali
1366 850 1562 900 vestivi13

73 927 256 976 eratque
286 917 386 959 finis
418 918 610 974 januarii
634 919 814 969 mensis,
842 928 883 960 et
906 936 1108 961 reversus
1131 929 1195 961 cst
1223 921 1428 961 l'ictavis.
1455 925 1564 973 Qua-

75 989 328 1050 dragesima
348 989 693 1046 superveniente
717 990 804 1031 dux
832 992 1014 1032 Romam
1038 991 1207 1042 abiens,
1235 991 1323 1032 filio
1340 1008 1433 1042 suo,
1466 1008 1565 1048 pru·

75 1060 339 1102 dentissimo
368 1061 657 1110 adolescenti,
688 1061 915 1105 willelmo
944 1062 1220 1119 imperavit0,
1254 1072 1299 1104 ut
1339 1072 1564 1104 revertens

75 1132 331 1175 ordinatum
357 1132 577 1190 reperiret
606 1133 881 1190 episcopum.
915 1133 1043 1186 Quod
1071 1134 1144 1175 ille
1170 1134 1412 1191 adimplere
1444 1150 1564 1175 cura-

70 1203 147 1254 vit,
186 1212 229 1245 et
259 1203 405 1245 media
439 1203 804 1263 quadragesima1'
831 1204 1078 1264 Angeriaeo
1115 1214 1214 1246 ante
1255 1215 1384 1262 caput
1423 1205 1562 1246 sancti

72 1275 311 1317 Johannisq
333 1284 619 1317 consecratus
651 1284 716 1316 est
744 1275 979 1333 episcopus
1020 1277 1072 1317 ab
1099 1276 1242 1318 Islone
1266 1277 1497 1334 episcopor
1518 1286 1560 1318 et

71 1348 225 1389 Roone
266 1357 397 1405 atque
420 1347 616 1389 Arnaldo
651 1364 824 1389 necnon
848 1357 890 1389 et
914 1348 1147 1390 Isimberto
1171 1348 1391 1405 episcopis
1409 1348 1437 1399 ¹,
1470 1357 1511 1390 et
1539 1365 1561 1389 a

73 1419 344 1461 clarissimae
374 1419 538 1460 indolis
569 1419 807 1465 NVillelmo
830 1420 989 1461 comite
1013 1429 1055 1461 et
1088 1419 1283 1461 Arnaldo
1312 1419 1561 1480 Petragori-

71 1490 194 1532 censi
216 1490 427 1548 episcopo
443 1491 720 1532 Lemovicam
737 1491 969 1542 deductus,
988 1491 1280 1533 intronizatus
1303 1499 1369 1532 est
1391 1491 1434 1532 in
1459 1491 1560 1532 sede

72 1562 213 1604 sancti
236 1562 477 1604 Marcialis.
515 1562 893 1620 Archiepiscopus
922 1579 1024 1604 vero
1060 1562 1351 1604 Bituricensis
1381 1561 1561 1604 Gauzle-

70 1650 169 1686 nus,
210 1633 264 1675 ad
295 1635 420 1692 cujus
449 1634 662 1676 diocesim
687 1634 919 1676 Lemovica
953 1634 1189 1692 pertinet⁵,
1228 1634 1329 1691 quia
1358 1633 1451 1675 sine
1487 1649 1562 1675 sua

70 1705 333 1748 auctoritate
362 1715 646 1748 consecratus
678 1716 744 1748 est
772 1706 1046 1763 episeopus²,
1071 1715 1212 1748 totum
1234 1705 1561 1747 Lemovicinum

71 1777 486 1829 excommunicavit,
512 1787 689 1835 praeter
711 1777 856 1819 locum
875 1777 1025 1819 Sancti
1042 1776 1263 1818 Marcialis
1281 1785 1322 1818 et
1338 1792 1447 1834 quae
1465 1792 1562 1833 pro-

70 1849 167 1908 prie
190 1850 244 1891 ad
271 1866 370 1892 eum
393 1850 695 1907 pertinebant,
720 1849 954 1908 ipsumque
977 1849 1207 1907 prohibuit
1229 1849 1282 1890 ab
1311 1848 1454 1889 officio
1485 1864 1562 1888 suo

72 1922 380 1980 episcopum?
420 1922 538 1975 Quiu
572 1922 864 1973 satisfaciens,
903 1921 1033 1963 nudis
1076 1921 1280 1978 pedibus,
1324 1936 1421 1961 cum
1465 1935 1562 1960 cen-

70 2003 164 2037 tum
192 1994 371 2036 clericis
394 2003 438 2037 et
459 1995 704 2047 monachis,
730 1994 936 2036 omnibus
965 1993 1169 2035 similiter
1197 1992 1384 2049 pedibus
1413 1990 1558 2039 nudis,

112 2126 157 2164 m)
178 2125 334 2156 vestibus
356 2124 446 2155 albis
467 2129 499 2155 et
521 2125 643 2166 cappis
661 2125 840 2159 folosiricis
881 2124 1017 2154 amictis
1048 2123 1130 2155 add.
1165 2124 1205 2154 C.
1231 2141 1270 2146 —
1293 2123 1326 2162 n)
1342 2121 1560 2151 candelabris

71 2177 207 2208 quoque
230 2171 262 2197 et
283 2178 374 2207 aqua
402 2166 584 2197 benedicta
612 2166 694 2198 add.
717 2167 754 2197 C.
776 2185 817 2190 —
849 2166 880 2204 o)
901 2166 1071 2207 imperavi
1105 2167 1141 2195 A.
1172 2182 1206 2188 -
1231 2166 1265 2205 p)
1288 2164 1433 2193 sabbato
1453 2163 1561 2193 inedie

70 2208 340 2250 quadragesime
356 2208 392 2247 C,
408 2225 448 2231 —-
469 2209 503 2248 q)
525 2208 691 2238 diaconus
716 2212 749 2238 et
764 2208 937 2248 presbiter
968 2207 1150 2237 ordinatus
1183 2211 1245 2241 est,
1262 2210 1294 2235 et
1317 2205 1468 2235 crastina
1499 2205 1560 2250 do.-

71 2249 198 2280 minica
220 2250 256 2280 C.
272 2267 310 2272 —-
329 2251 358 2290 r)
381 2250 646 2290 archiepiscopo
680 2249 930 2290 Burdegalensi
959 2249 996 2280 C.
1020 2267 1056 2270 —
1085 2249 1112 2288 s)
1134 2247 1214 2288 quia
1237 2246 1417 2287 pecuniam
1452 2256 1562 2285 requi-

72 2292 173 2322 rebat
192 2303 256 2333 pro
277 2291 500 2332 impositione
526 2302 703 2324 manuum.
722 2295 940 2331 contemptus
959 2294 1011 2320 est
1031 2294 1062 2319 et
1078 2290 1159 2320 add.
1176 2289 1212 2319 C.
1228 2290 1300 2325 —tfy
1329 2289 1417 2317 sacta
1441 2287 1561 2316 sinodo

72 2339 109 2370 in
137 2339 285 2369 Francia
316 2350 434 2369 coram
458 2349 538 2379 rege
565 2339 741 2374 Rotberto,
770 2338 829 2368 ubi
858 2343 988 2379 septem
1012 2335 1265 2377 archiepiscopi
1301 2336 1486 2364 adsuerunt
1508 2334 1561 2363 die

76 2388 294 2417 Pentecostes
317 2398 394 2417 cum
419 2386 639 2426 sufraganeis
673 2386 847 2427 episcopis
864 2386 945 2416 add.
965 2386 1000 2416 C.
1021 2402 1058 2407 -—
1076 2385 1111 2424 ιι)
1132 2395 1206 2413 euin
1231 2382 1402 2428 racionem
1421 2381 1562 2411 reddere

73 2433 194 2469 posset
208 2433 241 2458 et
257 2439 331 2458 sese
352 2439 505 2469 purgare
530 2438 549 2457 a
569 2428 685 2468 culpa,
709 2428 738 2457 si
759 2428 873 2462 vellet,
892 2438 1009 2457 eoram
1032 2437 1123 2467 papa
1148 2426 1311 2457 Romano.
1330 2424 1460 2453 seilicet
1479 2434 1560 2452 con-

71 2475 259 2516 tempsisse
274 2475 578 2516 archiepiscopum
597 2475 780 2516 proprium
801 2485 906 2505 causa
929 2474 1129 2507 simoniaca,
1152 2477 1266 2502 tamen
1282 2471 1409 2502 addss.

113 2655 142 2685 1.
165 2654 194 2685 11
209 2653 313 2694 s‘agit
336 2653 380 2683 ici
402 2653 461 2683 des
497 2656 619 2694 quatre
645 2653 792 2694 eveques
814 2653 854 2683 de
871 2651 1018 2687 Saintes,
1039 2651 1293 2691 d’Angoulc-me,
1311 2649 1351 2680 de
1372 2649 1561 2690 Perigueux

69 2701 104 2729 et
117 2697 158 2727 de
178 2695 338 2728 poitiers.

113 2739 143 2770 2.
160 2738 252 2771 Cette
273 2736 607 2768 excommunication
631 2737 682 2766 sut
702 2735 930 2777 promulguee
951 2736 1039 2766 dans
1059 2746 1104 2764 un
1125 2733 1254 2763 com-ile
1275 2732 1371 2763 re'uni
1404 2743 1443 2762 en
1505 2733 1560 2763 re-

73 2791 172 2811 sence
193 2779 239 2811 du
259 2779 310 2810 roi
336 2779 475 2815 Robert,
495 2783 528 2809 et
542 2778 668 2819 auquel
689 2777 892 2808 assistaient
915 2781 992 2818 sept
1012 2776 1243 2816 archeveques
1265 2778 1298 2805 et
1317 2775 1409 2805 leurs
1431 2784 1471 2804 su
1501 2784 1559 2805 ra-

73 2825 188 2863 gantS.

1680 1285 1743 1312 1021

1686 1928 1751 1956 1022
