1908 3256
102 2159 130 2179 v.
146 2151 226 2179 1000.

308 313 381 348 1613
824 323 1009 349 mmmm
1041 323 1281 349 cunomcox

303 414 464 456 terium
483 414 634 456 Sancti
651 414 827 456 Juniani
843 423 995 456 contra
1012 413 1268 464 Jordanum‚
1283 414 1532 473 principem
1545 416 1803 460 Cabannen-

306 502 412 527 scm.
454 488 738 544 Rcvcrsoque
774 485 900 535 duce,
938 484 1155 526 Jordanus
1191 495 1479 543 praeparatur
1514 504 1612 529 cum
1649 489 1803 531 electis

305 559 370 600 vel
399 558 452 599 ad
480 567 672 599 castrum
701 556 1044 617 expugnandum
1066 557 1133 598 vel
1169 556 1427 614 episcopum
1465 558 1800 602 debellandum.

305 630 575 687 Episcopus,
619 630 859 689 adgregata
905 639 1173 671 armatorum
1208 629 1510 681 immanitate,
1560 632 1714 673 habito
1755 632 1801 674 in

306 702 469 744 auxilio
493 702 626 744 fratre
655 702 873 753 XVidonQ
900 701 1095 743 occurrit
1126 701 1181 752 ei,
1208 711 1250 743 et
1273 718 1402 761 grave
1421 712 1566 744 ortum
1590 712 1655 745 est
1678 720 1804 761 prae-

306 774 414 815 lium
448 784 649 831 tempore
685 774 878 815 durioris
914 773 1089 814 hiemis.
1121 772 1345 814 Plurimus
1382 774 1562 834 sanguis
1594 773 1802 825 effususi,

307 845 447 886 victor
469 846 686 886 Jordanus
715 862 812 887 cum
843 845 1046 902 pluribus
1080 844 1360 902 principibus
1393 845 1533 902 captis
1568 847 1807 889 revertitur

304 919 483 975 jamque
513 934 710 968 securus,
749 934 850 959 casu
880 918 933 958 ab
963 917 1116 976 ignoto
1146 916 1318 958 militek
1350 917 1580 974 impetitus
1609 934 1631 959 a
1658 927 1804 979 tergo,

308 1005 545 1046 percussus
563 989 731 1040 interit,
763 999 803 1030 ct
825 989 899 1046 qui
922 1005 943 1029 a
961 988 1051 1029 suis
1074 988 1191 1045 capti
1218 989 1503 1040 tenebantur,
1531 1006 1632 1031 mox
1653 1007 1734 1048 pro
1757 1006 1808 1032 eo

309 1060 502 1102 confossi
532 1061 649 1112 telis,
675 1061 842 1102 animas
867 1061 1126 1102 emiserunt.
1153 1062 1239 1101 Pro
1275 1060 1436 1117 quibus
1461 1061 1636 1121 gravior
1665 1062 1808 1103 luctus

309 1133 471 1183 extitit,
504 1148 633 1190 quam
669 1142 795 1174 antea
819 1150 898 1190 pro
933 1133 978 1173 111
1007 1133 1125 1173 bello
1148 1132 1384 1189 prostratis
1407 1132 1563 1174 suerat.
1590 1133 1809 1175 Jordanus

309 1220 500 1262 quoque,
528 1221 703 1245 manzer
733 1205 868 1246 srater
903 1203 1117 1254 defuncti,
1150 1213 1250 1260 post¹
1278 1204 1499 1245 modicum
1523 1215 1698 1262 captum
1728 1205 1810 1247 sra-

308 1289 420 1321 trem
437 1280 636 1337 episcopi
652 1280 925 1337 Aymiricum
941 1279 1094 1320 tandiu
1109 1279 1378 1320 vinculatum
1395 1279 1554 1331 tenuit,
1575 1295 1805 1338 quousque

310 1352 540 1393 castellum
563 1352 870 1393 destrueretur
891 1367 1023 1408 supra
1052 1360 1343 1392 memoratum
1363 1351 1391 1392 ¹.

372 1424 442 1467 43.
476 1450 534 1455 -
560 1425 645 1465 Per
680 1425 760 1465 1105
795 1424 889 1465 (1105
925 1422 1177 1474 Gosfridus,
1209 1423 1344 1464 abbas
1382 1423 1534 1465 Sancti
1567 1423 1807 1476 Marcialis,

313 1511 543 1537 successor
582 1496 835 1547 Adalbaldi,
873 1495 1013 1537 accito
1048 1496 1223 1536 Bosone
1265 1495 1443 1547 comite,
1487 1511 1585 1537 cum
1627 1495 1809 1538 militari

315 1584 470 1625 magna
518 1572 670 1609 manu¹
713 1584 873 1625 corpus
915 1567 1055 1609 sancti
1090 1566 1315 1612 XValerici
1355 1568 1409 1608 ab
1454 1567 1656 1619 00010513,
1701 1584 1811 1625 quae

314 1639 477 1695 injuste
502 1649 653 1681 sancto
675 1640 876 1681 Marciali
899 1640 1220 1681 abstollebatur
1252 1655 1275 1680 a
1308 1639 1574 1697 quibusdam
1597 1639 1811 1697 principi-

314 1712 449 1761 busm,
490 1727 638 1752 secum
673 1712 833 1753 detulit
854 1711 1148 1753 Lemovicam.
1174 1710 1260 1752 Ubi
1282 1711 1436 1752 tandiu
1459 1711 1672 1768 reliquias
1701 1713 1813 1769 ejus-

314 1782 413 1823 dem
436 1783 729 1824 confessoris¹¹
762 1783 923 1833 tenuit,
949 1782 1093 1839 quoad
1117 1792 1440 1842 cognoscerent
1469 1791 1511 1824 et
1549 1783 1814 1825 exhiberent

315 1854 541 1910 principes
558 1854 864 1896 malefactores
888 1853 1202 1895 rectitudinem
1227 1853 1367 1894 sancti
1388 1853 1628 1895 Marcialis.
1650 1853 1812 1911 Sicque

316 1926 634 1982 1105505510110Ο
679 1935 956 1983 recuperata,
1001 1925 1255 1966 restitutum
1297 1935 1363 1966 est
1405 1934 1604 1967 sanctum
1651 1942 1813 1983 corpus

318 1997 572 2054 supradicto
601 1998 714 2048 loco,
741 2007 781 2039 01
806 1998 849 2038 111
878 1996 1130 2054 praesentia
1151 1997 1379 2042 &Villclmi
1398 1997 1549 2038 ducisp
1570 1997 1812 2039 monastica

317 2069 379 2110 ibi
402 2078 467 2110 051
489 2069 691 2111 ordinata
714 2069 966 2126 disciplina

379 2142 448 2184 44.
480 2167 537 2172 ——
572 2141 651 2183 His
680 2141 836 2182 diebus
864 2140 1189 2182 vicecomitissa
1222 2140 1479 2181 Lemovicae
1514 2141 1667 2182 Emma
1696 2140 1815 2182 circa

320 2213 602 2254 festivitatem
624 2212 939 2270 Apostolorum
963 2221 1005 2253 et.
1028 2212 1168 2253 sancti
1184 2211 1409 2253 Marcialis
1432 2221 1603 2253 oratum
1626 2211 1737 2253 abiit
1758 2211 1812 2253 ad

321 2287 529 2327 Sanctum
564 2285 827 2326 Michaelem
864 2286 1121 2334 Heremumff,
1149 2292 1191 2325 et
1219 2293 1352 2324 noctu
1386 2283 1449 2324 ibi
1483 2300 1505 2325 a
1543 2283 1811 2325 Normannis

357 2415 377 2455 ’1
403 2415 513 2456 fugaii
540 2415 750 2446 Lemoxicini
766 2426 843 2445 cum
864 2415 1029 2455 episcopo
1053 2418 1086 2444 01
1107 2413 1369 2445 xiceeomitibus
1392 2413 1464 2444 suis
1493 2413 1575 2443 add.
1601 2413 1637 2443 C.
1665 2431 1704 2437 —-
1728 2413 1762 2453 k)
1794 2424 1814 2444 a

315 2427 433 2489 millite
457 2468 559 2497 quem
579 2457 654 2497 ipse
674 2461 926 2498 Ῑ)1··05111ἰκο1·1,11
950 2467 969 2486 a
996 2461 1093 2497 tergo
1114 2456 1149 2486 iu
1173 2456 1306 2487 cervice
1329 2466 1516 2497 percussus
1545 2455 1582 2487 C.
1601 2472 1637 2479 —
1664 2455 1689 2496 l)
1709 2459 1814 2485 noctu

314 2499 513 2528 Montanam
546 2499 666 2529 abiens
701 2499 781 2528 add.
818 2498 853 2528 C.
890 2516 930 2521 —
956 2499 1003 2537 m)
1036 2509 1142 2538 quam
1170 2498 1281 2528 incole
1295 2497 1473 2538 principes
1510 2501 1630 2527 sancto
1654 2496 1814 2527 Marciali

314 2541 550 2570 abstollebant
570 2541 607 2572 C.
637 2558 676 2562 —-
694 2541 729 2581 n)
752 2541 787 2570 in
821 2544 935 2570 monte
959 2540 1082 2571 Gaudii
1113 2539 1195 2571 add
1221 2539 1318 2570 (1.-
1342 2541 1374 2579 o)
1405 2550 1473 2569 non
1496 2538 1569 2569 sine
1594 2549 1725 2580 magna
1757 2549 1814 2569 re·

314 2582 512 2623 demptione
531 2582 611 2612 add.
630 2582 666 2612 C.
689 2599 725 2604 —
743 2583 779 2623 p)
795 2586 828 2612 01
842 2582 983 2613 Girardi
1008 2581 1164 2622 episcopi
1180 2575 1435 2613 Lemovicensis
1450 2580 1538 2612 add.
1567 2579 1604 2611 C.

357 2755 370 2783 1
393 2754 431 2783 Υ.
455 2754 518 2783 Bes
523 2754 569 2793 l)
591 2753 674 2783 llmt
701 2753 759 2782 des
775 2754 895 2782 comtes
910 2752 950 2781 de
972 2751 1102 2783 Pontou
1116 2762 1150 2791 p.
1175 2752 1224 2782 61.
1243 2751 1286 2781 Le
1304 2749 1488 2784 Jourdain,
1513 2749 1582 2779 sire
1607 2748 1649 2779 de
1670 2747 1811 2781 Chaba-

314 2795 404 2830 nais
425 2795 509 2825 dont
522 2787 576 2824 115
581 2795 667 2835 'agit
685 2795 739 2829 ici
757 2794 853 2829 01111,
870 2794 947 2824 suiv
952 2798 1012 2823 ant
1031 2793 1145 2833 Besljn
1163 2793 1218 2823 fils
1241 2793 1270 2822 d
1276 2792 1428 2832 Aynard
1446 2792 1544 2822 oncle
1566 2791 1595 2821 d
1600 2790 1752 2821 Ademar
1769 2789 1812 2820 de

314 2837 521 2869 Chabannes
536 2841 569 2868 ct
588 2837 629 2867 de
649 2837 683 2866 la
697 2847 790 2866 soeur
811 2837 851 2866 dc
872 2836 1042 2876 Foulques
1060 2836 1086 2871 I,
1109 2839 1220 2865 comte
1241 2835 1271 2864 d‘
1276 2826 1502 2875 Aiigouleme.
