1908 3256
269 254 318 291 62
787 265 974 290 Animum
1005 265 1245 291 cunomcoN

270 354 375 391 niam
399 362 436 391 et
473 353 579 405 cepit
601 353 910 390 Remistannum
939 362 1139 399 castrum,
1176 363 1214 391 et
1246 355 1433 405 pervenit
1473 368 1602 406 usque
1639 354 1761 392 Sane-

270 428 386 456 lonas
408 419 625 459 civitatem,
652 428 689 456 ct
729 419 798 463 ibi,
825 428 939 470 capta
977 428 1103 457 matre
1132 419 1321 457 Waiferii
1351 428 1389 457 et
1422 433 1566 457 sorore
1607 418 1694 472 ejus
1726 428 1764 458 et

270 494 390 536 nepte
413 484 498 537 ojus
523 485 561 521 in
580 485 799 536 Capitolio,
825 485 918 522 inde
940 485 1099 536 perexit
1114 498 1245 536 usque
1262 486 1310 522 ad
1327 485 1562 523 Garonnam
1578 485 1764 523 inlocum

271 551 339 601 qui
362 551 510 587 dicitur
531 550 699 587 Montis.
728 550 785 587 Ibi
810 550 983 587 Eroicus
1005 550 1200 601 princeps
1223 551 1390 588 adduxit
1418 551 1452 588 ei
1487 551 1603 588 aliam
1645 564 1765 589 soro-

270 630 353 653 rem
377 616 565 653 waiferii
588 625 743 667 captam
767 624 805 653 et
826 616 1046 654 celebravit
1069 616 1227 653 Pascha
1250 630 1321 654 rex
1350 616 1541 667 Pipinus¹
1564 616 1605 654 in
1628 625 1763 654 castro

271 682 379 732 quod
401 681 549 719 dicitur
571 682 675 719 Sels.
701 681 852 720 Octava
872 681 958 719 vice
981 695 1051 719 rex
1074 681 1246 732 Pipinus
1269 696 1358 719 cum
1387 682 1586 719 Bertrada
1623 682 1766 734 regina

266 761 447 798 pergens
468 746 743 798 Aquitaniam,
768 748 860 785 etin
878 748 1103 785 Sanctonas
1125 747 1284 785 civitate
1307 747 1460 785 dimisit
1475 748 1658 799 reginam
1675 761 1763 786 cum

266 813 414 850 familia
437 827 523 857 sua,
549 822 587 850 ct
609 813 696 864 ipse
723 813 1003 851 peu-acoricas
1019 818 1043 834 ¹¹¹
1065 813 1260 865 perrexit.
1288 813 1383 859 Ubi,
1414 813 1634 851 commisso
1656 813 1764 851 bello

267 892 354 915 cum
394 879 610 923 XYaiserio,
655 879 815 917 occisus
856 888 917 917 est
956 879 1199 925 Waiserius,
1243 887 1281 916 et
1313 879 1445 917 victor
1491 879 1636 925 extitit,
1675 879 1763 918 Deo

259 943 444 996 jubente,
463 958 533 981 rex
556 945 729 996 Pipinus
752 952 790 982 et
812 958 901 982 curn
922 944 1129 995 triumpho
1156 945 1325 982 victorie
1342 958 1534 983 reversus
1557 953 1618 983 est
1640 944 1762 982 Sanc-

265 1018 396 1047 tonas.
418 1010 559 1061 Ibique
581 1024 656 1061 per
670 1010 834 1062 aliquod
857 1010 946 1047 dies
972 1023 1228 1048 commorans
1263 1018 1450 1061 egrotare
1485 1011 1607 1062 cepit,
1631 1019 1669 1048 et
1689 1023 1765 1062 per

264 1084 401 1126 partes
420 1076 678 1114 Turonorum
702 1084 929 1121 revertenS,
949 1077 998 1113 ad
1021 1084 1204 1113 sanetum
1228 1076 1462 1114 Dionisium
1496 1076 1686 1128 pervenit
1725 1084 1763 1113 et

266 1147 416 1185 ibidem
465 1148 608 1186 obiens
659 1149 776 1193 finiit,
822 1143 1175 1200 planxeruntque
1222 1158 1320 1184 eum
1372 1142 1532 1184 Franci
1584 1141 1762 1199 planctu

266 1229 440 1273 magno,
467 1223 509 1255 et
531 1215 731 1275 regnavit
753 1214 941 1257 Karolus
964 1231 1150 1275 magnus
1172 1213 1288 1255 filius
1311 1215 1406 1270 ejus
1436 1230 1517 1271 pro
1541 1229 1608 1255 eo.

305 1356 330 1397 l)
370 1368 428 1387 rex
455 1357 598 1398 Pipinus
625 1358 718 1387 deest
739 1358 775 1394 E,
799 1358 836 1393 F,
860 1359 899 1390 G.
925 1376 962 1380 —
984 1359 1029 1398 m)
1052 1357 1338 1398 Petragwicaslffi
1356 1356 1396 1388 G.
