1908 3256
685 343 916 369 APPENDICE
1464 334 1536 370 201

50 441 189 465 norem
210 441 349 466 eorum
365 429 545 466 restituit
564 429 758 467 Odolrico
781 432 893 468 fratri
916 445 1055 469 eorum
1079 433 1146 482 qui
1171 433 1300 468 minor
1320 441 1413 469 natu
1431 441 1533 472 erat,

50 493 204 544 fuitque
225 494 261 530 ei
283 508 380 532 suus
395 494 638 541 vicecomes,
664 495 767 533 sicut
791 505 906 547 pater
923 496 1009 548 ejus
1034 497 1190 533 Ranulli
1219 498 1346 534 suerat
1370 498 1534 533 viceco-

50 573 134 597 mes
149 559 393 612 Vulgrinno.
419 560 494 598 Hic
516 561 690 612 denique
708 562 959 606 Bernardus,
982 572 1138 600 mortuo
1157 571 1267 614 patre
1292 561 1535 600 suoXVillvl-

49 639 128 673 mo,
146 627 215 678 qui
236 627 310 665 fuit
341 628 464 664 frater
489 626 659 664 Alduini
684 641 731 665 ex
753 628 997 679 Vulgrinn0‚
1023 642 1157 666 comcs
1182 627 1536 679 petragoricensis

48 692 215 730 effectus
245 700 320 730 est.
344 691 578 730 XVillelmus
597 707 695 731 vero
720 694 864 732 Sector
886 695 981 731 ferri
1006 694 1239 746 Egolismae
1264 694 1537 744 principatum

48 757 264 796 obtinuit⁴.
293 758 521 796 Ademarus
552 767 685 797 tamen
721 760 981 811 supradictus
1010 761 1078 811 qui
1117 773 1302 797 sororem
1340 759 1538 795 Rei-nardi

50 823 235 862 Sanciam
257 838 423 863 uxorem
442 825 594 871 habuit,
620 826 759 864 decem
782 839 910 864 annos
934 827 1160 877 supervixit
1185 826 1376 863 Alduino.
1398 824 1541 861 Sanc-ia

47 904 160 936 vero,
184 891 306 929 vitam
328 891 552 929 terminans
576 891 612 929 ΙΙ
635 905 762 930 nonas
785 892 943 943 aprilis,
968 891 1173 930 inhumata
1195 900 1256 928 est
1273 890 1385 942 juxta
1402 890 1540 927 basili-

49 970 134 995 cam
156 956 262 994 beati
285 956 493 1008 Eparchii.

104 1022 164 1060 Eo
223 1031 406 1073 tempore
456 1022 708 1060 Gumbaldus
752 1023 971 1075 episcopus
1018 1024 1218 1060 decedens
1262 1035 1540 1059 successorem

62 1088 200 1126 habuit
231 1088 482 1125 Fulcaldum.
516 1087 628 1125 Tunc
662 1088 897 1126 XVillelmus
933 1089 1076 1126 Sector
1107 1089 1202 1126 fvrri
1230 1097 1267 1125 et
1301 1088 1542 1138 consangui-

49 1168 150 1192 neus
172 1153 258 1206 ejus
281 1154 533 1198 Bernartius,
559 1155 781 1206 adgregato
801 1163 1003 1192 conventu
1020 1155 1232 1197 nobilium,
1252 1155 1396 1191 iterum
1419 1154 1541 1190 resti-

49 1228 214 1259 tuerunt
234 1219 515 1258 monachicum
546 1219 726 1258 habitum
763 1221 803 1257 in
838 1221 1006 1258 basilica
1031 1220 1136 1257 beati
1163 1219 1370 1271 Eparchii,
1394 1219 1541 1270 praesi-

51 1288 204 1325 cientes
228 1287 358 1324 eidem
392 1286 640 1324 monasterio
674 1286 931 1324 Mainardum
968 1286 1192 1323 abbatem2.
1233 1285 1343 1322 Tunc
1368 1285 1540 1321 domnus

50 1353 286 1391 &Villelmus
305 1365 379 1403 per
405 1361 692 1390 testamentum
728 1353 932 1390 concessit
970 1353 1018 1389 ad
1047 1352 1230 1389 eumdem
1268 1351 1397 1388 locum
1435 1350 1540 1387 beati

52 1418 244 1470 Eparchii
286 1418 360 1455 hoc
395 1418 560 1463 donum,
604 1418 818 1456 ecclesiam
857 1418 983 1455 sancti
1019 1417 1164 1454 Hilarii
1200 1417 1239 1453 in
1275 1415 1540 1467 Petragorico

52 1486 170 1523 sitam
191 1485 232 1522 in
252 1485 404 1522 vicaria
426 1484 679 1530 piliacense;
704 1485 917 1522 ecclesiam
941 1483 1147 1535 Eugeniae
1168 1483 1283 1520 sitam
1307 1482 1346 1519 in
1370 1482 1542 1518 Sancto-

50 1552 142 1589 nico
165 1551 206 1588 in
227 1550 378 1588 vicaria
397 1550 670 1588 Pedriacense
689 1566 697 1596 ;
717 1559 871 1588 curtem
892 1550 1211 1587 Fradorevillam
1234 1557 1272 1586 et
1287 1548 1421 1585 villam
1444 1547 1543 1584 Dai-

51 1631 161 1663 raco,
177 1616 314 1654 villam
336 1616 552 1661 Mainiaco,
579 1617 718 1654 villam
741 1616 1072 1654 Romanorevilla
1106 1629 1194 1652 cum
1217 1615 1306 1666 ipsa
1342 1613 1540 1657 ecclesia,

52 1696 236 1721 mansum
258 1695 382 1720 unum
404 1682 444 1719 in
462 1681 716 1720 Godot‘villa.
746 1681 865 1730 Quod
887 1689 1171 1719 testamentum
1196 1680 1434 1717 confirmare
1452 1677 1544 1729 jus-

52 1749 119 1794 sit,
143 1757 182 1786 et
201 1748 465 1785 firmaverunt
495 1748 682 1784 manibus
703 1747 904 1798 propriis,
930 1760 1102 1797 quorum
1125 1745 1287 1783 nomina
1312 1744 1407 1781 haec
1425 1751 1540 1781 sunt:

52 1815 289 1853 Bernardus
312 1827 464 1860 comeS,
482 1813 689 1851 Arnaldus
700 1813 822 1850 filiius
836 1811 1541 1857 Bernardi,Odol1·icusvicecomcS‚

50 1880 278 1918 Ademarus
299 1880 544 1926 vicecomes,
569 1878 773 1916 Arnaldus
800 1878 906 1915 filius
928 1877 1144 1920 willelmi,
1180 1876 1406 1913 Ademarus
1438 1874 1543 1911 filius

50 1946 265 1984 willelmi.
291 1945 438 1983 Sancto
461 1945 638 1983 Martiali
666 1945 778 1982 dedit
798 1944 987 1981 similiter
1005 1942 1390 1980 Cantreciacensem
1413 1939 1544 1978 eccle-

52 2012 167 2058 siam,
186 2011 423 2062 pariterque
439 2010 641 2048 Matiauco
662 2010 878 2048 ecclesiam
906 2023 995 2047 cum
1018 2009 1208 2046 omnibus
1232 2006 1438 2058 contiguis
1460 2013 1544 2042 ter-

52 2078 109 2116 ris
126 2079 153 2114 ³.
176 2077 336 2115 Interea
353 2077 543 2114 defuncto
563 2076 668 2114 Eblo
692 2077 793 2113 duce
805 2075 876 2112 filii
899 2074 1003 2127 ejus,
1022 2075 1123 2112 alter
1145 2087 1295 2115 comes,
1316 2072 1417 2110 alter
1433 2071 1544 2122 cpis-

53 2157 180 2195 copus
211 2144 340 2181 sactus
362 2151 438 2180 est.
470 2142 598 2180 Eblus
622 2142 744 2187 enim,
760 2149 963 2179 annuente
986 2140 1195 2178 Ludovico
1225 2152 1337 2189 rege,
1362 2137 1543 2189 pontifex

53 2209 294 2247 Lemovicae
317 2209 442 2246 sactus
463 2216 538 2245 est.
562 2207 798 2245 XYillelmus
813 2220 927 2252 vero,
947 2213 1218 2257 cognomento
1238 2203 1368 2254 Caput
1382 2211 1541 2252 stuppe‚

52 2273 658 2321 Avernis,Vellatis,Lemovice
670 2281 707 2310 et
726 2272 904 2310 Pictavis
918 2285 1053 2310 comes
1076 2278 1310 2322 provectus,
1325 2270 1404 2306 dux
1419 2267 1544 2317 Aqui—

54 2341 186 2378 taniae
208 2340 354 2378 extitit.
381 2339 457 2376 Hic
478 2352 551 2375 suo
567 2351 764 2390 germano
781 2337 981 2375 abbatiam
1013 2336 1150 2373 Sancti
1175 2334 1318 2371 Hilarii
1339 2347 1382 2370 ac
1405 2331 1542 2369 Sancti

55 2408 222 2446 Martini
244 2421 334 2445 cum
356 2406 564 2443 nonnullis
594 2405 682 2442 aliis
722 2404 1062 2456 possessionibus
1100 2403 1140 2440 in
1176 2400 1421 2439 pictaviensi
1456 2399 1543 2435 solo

53 2473 256 2525 praebuit.
282 2472 494 2510 Fuitidem
518 2471 646 2508 Eblus
668 2472 801 2508 bonus
823 2479 964 2522 pastor
999 2468 1210 2513 ecclesiae,
1235 2465 1543 2514 aedificavitque

56 2539 266 2577 castellum
289 2537 519 2583 Lemovice,
544 2536 753 2574 castellum
777 2536 905 2573 sancti
923 2534 1067 2572 Hilarii
1090 2542 1127 2571 et
1149 2532 1365 2570 canonicos
1386 2530 1440 2567 ibi
1462 2530 1543 2567 dis-

98 2691 125 2720 1.
148 2688 261 2719 L.111.
282 2688 324 2717 Et
339 2697 556 2717 communem
583 2685 781 2715 habuerunt
799 2689 909 2714 totum
931 2683 1096 2713 honorem
1117 2692 1235 2711 eorum
1251 2681 1325 2721 ipse
1349 2683 1381 2709 ct
1401 2679 1545 2709 Bernar-

53 2730 118 2760 dus
142 2729 422 2770 consanguineus
442 2728 530 2767 ejus,
548 2727 780 2757 Ademarus...

95 2773 124 2802 2.
148 2772 183 2802 L.
206 2772 265 2801 III.
289 2771 354 2806 Qui
370 2771 404 2800 in
427 2771 537 2799 fronte
558 2768 725 2799 basilicae
746 2767 838 2797 beati
861 2766 1023 2807 Eparchii
1048 2763 1241 2795 construxit
1263 2763 1403 2803 elegans
1431 2766 1542 2791 orat«)-

54 2813 145 2843 rium
170 2813 205 2842 in
227 2813 364 2842 nomine
381 2816 522 2841 sanetae
543 2808 831 2840 Resurrectionis.
852 2809 986 2839 Tunc...

95 2856 125 2886 3.
148 2855 184 2884 L.
210 2855 269 2884 111.
287 2853 390 2884 Iterio
410 2853 502 2883 fideli
519 2863 581 2882 suo
602 2852 642 2881 de
663 2851 746 2882 villa
764 2850 886 2880 Boensi
911 2849 1005 2879 dedit
1023 2848 1145 2878 cellam
1170 2846 1403 2877 Fruinensem.
