1908 3256
621 359 735 383 Limia
771 360 983 384 §licrxnts
1491 356 1539 383 13⁴]

56 449 206 491 habuit
229 464 366 489 annos
390 447 508 489 mille
533 458 574 489 et
597 458 827 489 sexcentos
852 458 891 489 et
930 465 1007 489 LVI.
1043 450 1242 490 Secunda
1279 460 1367 489 etas·
1397 468 1416 489 a
1453 453 1538 491 Nm·

55 535 191 578 usque
213 519 266 561 ad
294 519 513 560 Abraham
538 519 691 560 habuit
719 535 856 560 annos
880 519 1092 561 ducentos
1123 537 1223 561 xcn.
1257 521 1406 561 'l'ercia
1451 531 1539 561 ctas

55 591 107 634 de
122 591 342 633 Abraham
358 605 496 646 usque
519 590 572 630 ad
594 590 732 631 David
756 591 907 631 habuit
930 607 1067 631 annos
1098 601 1343 650 nongentos
1370 607 1467 631 LXII.
1491 593 1537 631 131

55 661 183 703 simul
201 659 344 717 juncti
376 660 478 701 anni
509 660 641 702 trium
667 670 829 702 etatum
865 661 974 702 fiunt
1020 662 1104 702 duo
1147 662 1263 703 milia
1298 662 1540 720 octingenti

53 731 294 774 undecimr.
332 731 496 784 Quarta
522 740 613 773 etas
635 748 657 773 a
679 731 818 774 David
841 748 978 790 usque
1002 732 1053 773 ad
1083 733 1377 789 captivitatem
1418 733 1539 773 Babi-

53 804 190 847 lonie⁵
207 802 360 845 habuit
374 818 512 844 annos
535 803 884 863 quadringentos
904 820 1022 845 inu.
1039 803 1200 856 Quinta
1218 812 1307 844 etas
1325 820 1343 843 a
1357 812 1539 844 restruc-

52 875 190 918 tione¹
211 873 385 930 Templi
406 873 620 930 usquead
643 874 875 915 adventum
895 874 1072 915 Domini
1090 875 1241 915 habuit
1261 890 1396 914 annos
1419 874 1538 930 quin-

54 955 208 1008 gentos
239 961 363 986 Lxxx.
389 946 445 986 Et
478 944 588 986 fiunt
623 945 752 986 simul
793 946 846 986 ab
880 945 1017 986 Adam
1053 961 1189 1002 usquc
1225 944 1276 985 ad
1318 944 1538 985 Christum

53 1017 288 1060 Dominum
311 1016 414 1058 anni
435 1016 519 1058 tria
541 1016 660 1057 milia
686 1017 899 1075 nongenti
934 1033 1005 1057 Lu.
1043 1017 1077 1057 A
1113 1016 1334 1057 nativitate
1366 1015 1541 1056 Domini

0 1082 3 1086 ’
53 1104 190 1146 usque
206 1087 260 1129 ad
275 1087 510 1129 transitum
527 1087 667 1128 sancti
682 1087 862 1128 Martini
880 1097 977 1128 sunt
995 1087 1096 1128 anni
1113 1085 1425 1145 quadringenti
1446 1102 1538 1126 XLV.

55 1161 89 1202 A
111 1160 298 1202 transitu
321 1159 461 1200 sancti
479 1159 660 1200 Martini
682 1174 820 1216 usque
843 1159 895 1200 ad
918 1159 1149 1200 transitum
1175 1158 1398 1201 Clodovei,
1426 1158 1541 1215 regis

56 1230 692 1288 Francorum‚quiprimusfuit
708 1230 974 1271 christianus
990 1230 1042 1271 de
1060 1231 1238 1290 regibus
1256 1232 1538 1277 Francorum,

57 1312 156 1345 sunt
174 1302 277 1344 anni
299 1318 402 1344 cx11.
428 1302 463 1343 A
479 1301 668 1343 transitu
691 1301 830 1343 sancti
853 1301 1033 1343 Martini
1062 1318 1198 1359 usque
1229 1301 1280 1342 ad
1309 1300 1538 1342 transitum

54 1375 193 1417 sancti
230 1373 441 1431 Eparchii
463 1373 787 1433 Egolismensis
817 1373 1016 1430 patroni¹¹
1041 1382 1141 1414 sunt
1163 1373 1264 1413 anni
1288 1388 1380 1413 cxx.
1408 1373 1540 1413 Natus

54 1455 118 1489 est
152 1445 269 1487 enim
304 1453 479 1486 sanctus
514 1444 760 1501 Eparchius
798 1452 997 1500 tempore
1032 1444 1242 1487 Merovei.
1272 1445 1537 1484 Francorum

0 1565 1 1577 χ
54 1517 172 1578 regis
194 1516 370 1577 pagani,
393 1516 468 1573 qui
492 1515 572 1557 suit
594 1532 696 1557 avus
719 1515 927 1556 Clodovei
957 1515 1074 1574 regis
1104 1516 1372 1556 Francorum
1409 1513 1537 1570 primi

54 1588 300 1640 christiani,
339 1597 382 1630 et
420 1589 465 1629 in
504 1597 704 1644 tempore
741 1586 979 1628 Theodosii
1017 1586 1207 1642 junioris
1244 1586 1330 1626 divi
1366 1585 1537 1641 augusti

53 1659 350 1718 imperatoris.
411 1659 529 1702 Vixit
582 1675 660 1716 per
728 1668 927 1715 tempora
988 1657 1247 1703 Theodosii,
1310 1656 1534 1701 Marciani,

55 1731 230 1783 Leonis,
251 1732 456 1783 Zenonis,
477 1730 696 1772 Anastasii
714 1740 756 1771 et
790 1729 1023 1771 justiniani
1043 1729 1373 1785 imperatorum,
1404 1736 1442 1768 et
1463 1743 1538 1783 per

54 1814 251 1861 tempora
299 1820 454 1864 regum
514 1805 783 1845 Francorum
849 1801 1075 1842 Mercu-ehi
1116 1810 1158 1841 et
1206 1799 1446 1840 Childerici
1496 1807 1534 1839 ct

55 1876 262 1918 Clodovei
305 1885 347 1917 et:
376 1874 669 1916 Childeberti.
696 1873 817 1915 Obiit
848 1882 1046 1930 tempore
1084 1871 1319 1913 Justiniani
1355 1871 1537 1926 impera-

54 1947 163 1989 toris
204 1956 246 1988 et
286 1945 582 1996 Childeberti,
621 1945 738 2005 regis
787 1945 1072 1992 Francorum,
1113 1942 1223 1983 obiit
1269 1940 1538 1999 octogesimo

55 2034 167 2060 anno
211 2018 338 2060 etatis
381 2034 472 2059 sue.
509 2017 545 2058 A
592 2016 819 2058 nativitate
868 2015 1034 2056 Christi
1080 2029 1216 2071 usque
1258 2012 1310 2053 ad
1348 2012 1536 2068 primum

54 2089 182 2149 regni
204 2105 365 2130 annum
407 2088 554 2129 Caroli
589 2096 688 2128 sunt
736 2086 838 2128 anni
868 2085 1139 2145 septingenti
1162 2083 1387 2143 sexaginta
1418 2082 1533 2122 vin¹.

103 2161 222 2199 Anno
261 2161 387 2212 igitur
425 2161 472 2197 ab
513 2159 791 2197 incarnatione
834 2157 997 2195 Domini
1041 2155 1394 2205 1)CCva111·',ipso
1434 2166 1537 2190 anno

56 2232 158 2279 quov
180 2240 250 2264 rex
277 2226 449 2278 Pipinus
476 2226 570 2277 pius
611 2225 726 2269 obiit,
761 2224 839 2261 duo
873 2223 942 2260 filii
977 2221 1062 2273 ejus
1086 2223 1257 2259 domnus
1290 2218 1462 2256 Karolus
1501 2227 1536 2255 et

54 2291 347 2330 carlomannus
371 2291 513 2328 elevati
530 2298 623 2328 sunt
639 2290 678 2326 in
696 2303 866 2341 regnum
883 2302 962 2325 uno
984 2288 1046 2325 die
1064 2286 1198 2324 simul,
1218 2286 1256 2322 id
1279 2293 1336 2321 est
1355 2292 1427 2320 v11⁰
1448 2284 1536 2320 idus

55 2358 249 2404 octobris,
292 2358 466 2394 domnus
502 2356 673 2393 Carolus
709 2356 750 2392 in
783 2355 1006 2393 ΝονίοιιιοΧ
1050 2350 1536 2394 civitate,Carlomannus

57 2421 290 2460 Suessionis
317 2422 492 2466 civitate,
518 2429 556 2458 et
578 2420 796 2458 celebravit
818 2433 864 2457 eo
895 2432 998 2456 anno
1025 2417 1229 2468 gloriosus
1264 2416 1434 2451 domnus
1469 2426 1537 2449 rex

56 2486 225 2526 Carolus
257 2487 470 2525 Natalem·V
502 2486 666 2523 Domini
706 2486 745 2522 in
776 2484 1003 2536 Aquisvilla
1037 2492 1074 2519 et
1099 2481 1251 2518 l'asclia
1283 2480 1320 2516 in
1354 2479 1537 2515 l'mdomo

94 2605 123 2641 r)
144 2614 248 2635 DCCXI
271 2605 306 2636 F.
334 2622 372 2628 —
393 2606 421 2644 ε’)
443 2604 476 2634 in
504 2604 671 2633 Babilone
692 2605 728 2632 A.
757 2621 798 2625 -—
824 2603 848 2642 t)
888 2600 1139 2631 restauratione
1174 2599 1210 2629 D.
1237 2598 1269 2626 E.
1293 2615 1332 2619 —
1352 2598 1385 2635 ¹1)
1409 2595 1537 2633 [gulis-

59 2646 186 2677 mensis
209 2647 348 2687 patroni
369 2647 462 2676 deest
483 2646 509 2676 G
530 2663 571 2668 —
586 2646 618 2684 v)
633 2656 698 2685 que
719 2646 755 2674 A.
779 2662 819 2667 —-
833 2646 865 2682 x)
883 2643 1035 2673 Noviono
1051 2644 1085 2671 A.
1103 2659 1142 2663 ——-
1157 2642 1191 2680 y)
1207 2639 1319 2668 natale
1339 2639 1358 2667 1⁵

53 2735 1529 2752 ———.-..———-..-—.————-—————-

101 2812 132 2843 1.
162 2813 250 2843 Tout
270 2823 306 2843 ce
322 2823 472 2853 passage
505 2812 654 2852 original
670 2816 721 2841 est
735 2822 780 2841 un
802 2811 937 2841 resume'
953 2807 1220 2847 chronologique
1239 2805 1296 2835 snit
1313 2804 1535 2833 evidemment

60 2853 79 2882 ὰ
98 2853 198 2884 l'aide
213 2855 272 2884 des
296 2856 394 2885 Gesta
417 2865 540 2895 regum.
