<?xml version="1.0" encoding="UTF-8"?>
<!DOCTYPE html PUBLIC "-//W3C//DTD XHTML 1.0 Transitional//EN"
    "http://www.w3.org/TR/xhtml1/DTD/xhtml1-transitional.dtd">
<html xmlns="http://www.w3.org/1999/xhtml" xml:lang="en" lang="en">
 <head>
  <title>
</title>
<meta http-equiv="Content-Type" content="text/html;charset=utf-8" />
  <meta name='ocr-system' content='tesseract 3.04.00' />
  <meta name='ocr-capabilities' content='ocr_page ocr_carea ocr_par ocr_line ocrx_word'/>
</head>
<body>
  <div class='ocr_page' id='page_1' title='image "./chronique00aduoft_0073.png"; bbox 0 0 1908 3256; ppageno 0'>
   <div class='ocr_carea' id='block_1_1' title="bbox 623 325 1520 362">
    <p class='ocr_par' dir='ltr' id='par_1_1' title="bbox 623 325 1520 362">
     <span class='ocr_line' id='line_1_1' title="bbox 623 325 1520 362; baseline 0.006 -5"><span class='ocrx_word' id='word_1_1' title='bbox 623 331 741 357; x_wconf 71' lang='lat' dir='ltr'>menn</span> <span class='ocrx_word' id='word_1_2' title='bbox 773 333 926 359; x_wconf 68' lang='lat' dir='ltr'>ramus</span> <span class='ocrx_word' id='word_1_3' title='bbox 1476 325 1520 362; x_wconf 77' lang='lat'>17</span> 
     </span>
    </p>
   </div>
   <div class='ocr_carea' id='block_1_2' title="bbox 27 422 1560 2707">
    <p class='ocr_par' dir='ltr' id='par_1_2' title="bbox 27 422 1547 1844">
     <span class='ocr_line' id='line_1_2' title="bbox 27 422 1527 476; baseline -0.001 -11"><span class='ocrx_word' id='word_1_4' title='bbox 27 440 114 470; x_wconf 86' lang='lat' dir='ltr'>rex,</span> <span class='ocrx_word' id='word_1_5' title='bbox 150 424 256 476; x_wconf 80' lang='lat' dir='ltr'>cepit</span> <span class='ocrx_word' id='word_1_6' title='bbox 290 423 486 475; x_wconf 90' lang='lat' dir='ltr'>populum</span> <span class='ocrx_word' id='word_1_7' title='bbox 537 422 758 460; x_wconf 88' lang='lat' dir='ltr'>adhortari.</span> <span class='ocrx_word' id='word_1_8' title='bbox 810 423 860 461; x_wconf 89' lang='lat' dir='ltr'>Et</span> <span class='ocrx_word' id='word_1_9' title='bbox 898 432 1167 474; x_wconf 78' lang='lat' dir='ltr'>procurrente</span> <span class='ocrx_word' id='word_1_10' title='bbox 1193 430 1207 452; x_wconf 68' lang='grc' dir='ltr'><strong>Ρ</strong></span> <span class='ocrx_word' id='word_1_11' title='bbox 1248 426 1527 465; x_wconf 79' lang='lat' dir='ltr'>misericordia</span> 
     </span>
     <span class='ocr_line' id='line_1_3' title="bbox 32 488 1527 541; baseline -0.007 -10"><span class='ocrx_word' id='word_1_12' title='bbox 32 492 108 530; x_wconf 89' lang='lat' dir='ltr'>Dei</span> <span class='ocrx_word' id='word_1_13' title='bbox 124 499 163 529; x_wconf 88' lang='lat' dir='ltr'>et</span> <span class='ocrx_word' id='word_1_14' title='bbox 176 489 358 541; x_wconf 86' lang='lat' dir='ltr'>potentia</span> <span class='ocrx_word' id='word_1_15' title='bbox 379 489 524 540; x_wconf 78' lang='lat' dir='ltr'>ipsius,</span> <span class='ocrx_word' id='word_1_16' title='bbox 550 488 681 525; x_wconf 85' lang='lat' dir='ltr'>omnis</span> <span class='ocrx_word' id='word_1_17' title='bbox 711 488 888 539; x_wconf 89' lang='lat' dir='ltr'>populus</span> <span class='ocrx_word' id='word_1_18' title='bbox 907 488 1156 527; x_wconf 79' lang='lat' dir='ltr'>Francorum</span> <span class='ocrx_word' id='word_1_19' title='bbox 1184 503 1261 527; x_wconf 88' lang='lat' dir='ltr'>una</span> <span class='ocrx_word' id='word_1_20' title='bbox 1282 504 1379 529; x_wconf 77' lang='lat' dir='ltr'>voce</span> <span class='ocrx_word' id='word_1_21' title='bbox 1403 492 1527 530; x_wconf 69' lang='lat' dir='ltr'>excla.</span> 
     </span>
     <span class='ocr_line' id='line_1_4' title="bbox 32 553 1530 607; baseline -0.001 -12"><span class='ocrx_word' id='word_1_22' title='bbox 32 556 168 603; x_wconf 87' lang='lat' dir='ltr'>mavit,</span> <span class='ocrx_word' id='word_1_23' title='bbox 186 555 352 594; x_wconf 84' lang='lat' dir='ltr'>dicens:</span> <span class='ocrx_word' id='word_1_24' title='bbox 373 570 389 589; x_wconf 83' lang='lat'>«</span> <span class='ocrx_word' id='word_1_25' title='bbox 414 553 610 591; x_wconf 80' lang='lat' dir='ltr'>Mortales</span> <span class='ocrx_word' id='word_1_26' title='bbox 627 553 726 591; x_wconf 92' lang='lat' dir='ltr'>deos</span> <span class='ocrx_word' id='word_1_27' title='bbox 749 553 1034 605; x_wconf 82' lang='lat' dir='ltr'>relinquimuS,</span> <span class='ocrx_word' id='word_1_28' title='bbox 1053 554 1234 607; x_wconf 73' lang='lat' dir='ltr'>gloriose</span> <span class='ocrx_word' id='word_1_29' title='bbox 1251 569 1336 603; x_wconf 81' lang='lat' dir='ltr'>rex,</span> <span class='ocrx_word' id='word_1_30' title='bbox 1350 565 1386 595; x_wconf 90' lang='lat' dir='ltr'>et</span> <span class='ocrx_word' id='word_1_31' title='bbox 1403 556 1530 595; x_wconf 90' lang='lat' dir='ltr'>Deum</span> 
     </span>
     <span class='ocr_line' id='line_1_5' title="bbox 34 619 1531 674; baseline -0.001 -15"><span class='ocrx_word' id='word_1_32' title='bbox 34 641 50 659; x_wconf 71' lang='grc' dir='ltr'>α</span> <span class='ocrx_word' id='word_1_33' title='bbox 75 635 233 668; x_wconf 79' lang='lat' dir='ltr'>verum,</span> <span class='ocrx_word' id='word_1_34' title='bbox 271 619 559 666; x_wconf 81' lang='lat' dir='ltr'>immortalem,</span> <span class='ocrx_word' id='word_1_35' title='bbox 592 632 711 670; x_wconf 88' lang='lat' dir='ltr'>quem</span> <span class='ocrx_word' id='word_1_36' title='bbox 740 619 953 671; x_wconf 82' lang='lat' dir='ltr'>Remigius</span> <span class='ocrx_word' id='word_1_37' title='bbox 981 620 1179 672; x_wconf 87' lang='lat' dir='ltr'>predicat,</span> <span class='ocrx_word' id='word_1_38' title='bbox 1211 622 1377 660; x_wconf 88' lang='lat' dir='ltr'>credere</span> <span class='ocrx_word' id='word_1_39' title='bbox 1403 623 1531 674; x_wconf 81' lang='lat' dir='ltr'>parati</span> 
     </span>
     <span class='ocr_line' id='line_1_6' title="bbox 35 684 1531 739; baseline 0 -14"><span class='ocrx_word' id='word_1_40' title='bbox 35 706 51 725; x_wconf 86' lang='lat'>«</span> <span class='ocrx_word' id='word_1_41' title='bbox 79 701 272 726; x_wconf 86' lang='lat' dir='ltr'>sumus».</span> <span class='ocrx_word' id='word_1_42' title='bbox 304 685 558 724; x_wconf 85' lang='lat' dir='ltr'>Nunciantur</span> <span class='ocrx_word' id='word_1_43' title='bbox 591 684 663 721; x_wconf 87' lang='lat' dir='ltr'>hec</span> <span class='ocrx_word' id='word_1_44' title='bbox 698 694 836 723; x_wconf 87' lang='lat' dir='ltr'>sancto</span> <span class='ocrx_word' id='word_1_45' title='bbox 865 685 1067 737; x_wconf 82' lang='lat' dir='ltr'>Remigio.</span> <span class='ocrx_word' id='word_1_46' title='bbox 1095 685 1179 733; x_wconf 88' lang='lat' dir='ltr'>Ille,</span> <span class='ocrx_word' id='word_1_47' title='bbox 1211 687 1357 738; x_wconf 90' lang='lat' dir='ltr'>gaudio</span> <span class='ocrx_word' id='word_1_48' title='bbox 1387 700 1531 739; x_wconf 88' lang='lat' dir='ltr'>magno</span> 
     </span>
     <span class='ocr_line' id='line_1_7' title="bbox 31 751 1531 806; baseline -0.002 -13"><span class='ocrx_word' id='word_1_49' title='bbox 31 754 230 806; x_wconf 83' lang='lat' dir='ltr'>repletus,</span> <span class='ocrx_word' id='word_1_50' title='bbox 250 751 376 804; x_wconf 88' lang='lat' dir='ltr'>jussit</span> <span class='ocrx_word' id='word_1_51' title='bbox 386 751 577 803; x_wconf 86' lang='lat' dir='ltr'>baptismi</span> <span class='ocrx_word' id='word_1_52' title='bbox 596 751 799 788; x_wconf 75' lang='lat' dir='ltr'>lavacrum</span> <span class='ocrx_word' id='word_1_53' title='bbox 815 752 1041 802; x_wconf 87' lang='lat' dir='ltr'>preparari.</span> <span class='ocrx_word' id='word_1_54' title='bbox 1061 751 1172 789; x_wconf 63' lang='lat' dir='ltr'>Velis</span> <span class='ocrx_word' id='word_1_55' title='bbox 1190 753 1379 804; x_wconf 78' lang='lat' dir='ltr'>depictis,</span> <span class='ocrx_word' id='word_1_56' title='bbox 1398 754 1531 791; x_wconf 89' lang='lat' dir='ltr'>adum-</span> 
     </span>
     <span class='ocr_line' id='line_1_8' title="bbox 32 816 1534 870; baseline -0.001 -12"><span class='ocrx_word' id='word_1_57' title='bbox 32 822 204 858; x_wconf 88' lang='lat' dir='ltr'>brantur</span> <span class='ocrx_word' id='word_1_58' title='bbox 218 818 366 870; x_wconf 85' lang='lat' dir='ltr'>platee,</span> <span class='ocrx_word' id='word_1_59' title='bbox 380 818 627 855; x_wconf 73' lang='lat' dir='ltr'>fabricantur</span> <span class='ocrx_word' id='word_1_60' title='bbox 643 816 854 861; x_wconf 86' lang='lat' dir='ltr'>aecclesie,</span> <span class='ocrx_word' id='word_1_61' title='bbox 875 817 1133 869; x_wconf 84' lang='lat' dir='ltr'>componitur</span> <span class='ocrx_word' id='word_1_62' title='bbox 1148 818 1534 869; x_wconf 86' lang='lat' dir='ltr'>baptisterium,bal-</span> 
     </span>
     <span class='ocr_line' id='line_1_9' title="bbox 37 880 1535 935; baseline -0.001 -12"><span class='ocrx_word' id='word_1_63' title='bbox 37 899 146 923; x_wconf 86' lang='lat' dir='ltr'>sama</span> <span class='ocrx_word' id='word_1_64' title='bbox 163 884 350 922; x_wconf 83' lang='lat' dir='ltr'>redolent</span> <span class='ocrx_word' id='word_1_65' title='bbox 366 893 404 921; x_wconf 91' lang='lat' dir='ltr'>et</span> <span class='ocrx_word' id='word_1_66' title='bbox 430 880 549 921; x_wconf 85' lang='lat' dir='ltr'>talem</span> <span class='ocrx_word' id='word_1_67' title='bbox 571 884 929 921; x_wconf 88' lang='lat' dir='ltr'>odoramentorum</span> <span class='ocrx_word' id='word_1_68' title='bbox 958 883 1127 935; x_wconf 86' lang='lat' dir='ltr'>gratiam</span> <span class='ocrx_word' id='word_1_69' title='bbox 1156 883 1357 922; x_wconf 87' lang='lat' dir='ltr'>Dominus</span> <span class='ocrx_word' id='word_1_70' title='bbox 1380 885 1535 922; x_wconf 90' lang='lat' dir='ltr'>submi-</span> 
     </span>
     <span class='ocr_line' id='line_1_10' title="bbox 38 949 1536 1001; baseline -0.001 -13"><span class='ocrx_word' id='word_1_71' title='bbox 38 951 228 990; x_wconf 74' lang='lat' dir='ltr'>nistravit</span> <span class='ocrx_word' id='word_1_72' title='bbox 242 950 282 987; x_wconf 90' lang='lat' dir='ltr'>in</span> <span class='ocrx_word' id='word_1_73' title='bbox 298 949 450 1001; x_wconf 91' lang='lat' dir='ltr'>populo</span> <span class='ocrx_word' id='word_1_74' title='bbox 467 958 510 987; x_wconf 89' lang='lat' dir='ltr'>ut</span> <span class='ocrx_word' id='word_1_75' title='bbox 530 949 792 988; x_wconf 77' lang='lat' dir='ltr'>aestimarent</span> <span class='ocrx_word' id='word_1_76' title='bbox 808 962 850 987; x_wconf 91' lang='lat' dir='ltr'>se</span> <span class='ocrx_word' id='word_1_77' title='bbox 868 949 1087 987; x_wconf 87' lang='lat' dir='ltr'>collocatos</span> <span class='ocrx_word' id='word_1_78' title='bbox 1116 949 1156 987; x_wconf 92' lang='lat' dir='ltr'>in</span> <span class='ocrx_word' id='word_1_79' title='bbox 1192 950 1388 988; x_wconf 89' lang='lat' dir='ltr'>odoribus</span> <span class='ocrx_word' id='word_1_80' title='bbox 1412 950 1536 988; x_wconf 87' lang='lat' dir='ltr'>Para-</span> 
     </span>
     <span class='ocr_line' id='line_1_11' title="bbox 35 1015 1535 1069; baseline -0.001 -14"><span class='ocrx_word' id='word_1_81' title='bbox 35 1017 129 1056; x_wconf 92' lang='lat' dir='ltr'>disi.</span> <span class='ocrx_word' id='word_1_82' title='bbox 176 1017 267 1054; x_wconf 82' lang='lat' dir='ltr'>Rex</span> <span class='ocrx_word' id='word_1_83' title='bbox 308 1029 407 1068; x_wconf 87' lang='lat' dir='ltr'>ergo</span> <span class='ocrx_word' id='word_1_84' title='bbox 451 1016 568 1067; x_wconf 89' lang='lat' dir='ltr'>prior</span> <span class='ocrx_word' id='word_1_85' title='bbox 606 1016 724 1067; x_wconf 86' lang='lat' dir='ltr'>petiit</span> <span class='ocrx_word' id='word_1_86' title='bbox 764 1029 806 1053; x_wconf 91' lang='lat' dir='ltr'>se</span> <span class='ocrx_word' id='word_1_87' title='bbox 849 1029 869 1053; x_wconf 88' lang='lat' dir='ltr'>a</span> <span class='ocrx_word' id='word_1_88' title='bbox 908 1024 1047 1054; x_wconf 87' lang='lat' dir='ltr'>sancto</span> <span class='ocrx_word' id='word_1_89' title='bbox 1094 1015 1282 1069; x_wconf 84' lang='lat' dir='ltr'>Remigio</span> <span class='ocrx_word' id='word_1_90' title='bbox 1324 1017 1535 1068; x_wconf 87' lang='lat' dir='ltr'>baptizari.</span> 
     </span>
     <span class='ocr_line' id='line_1_12' title="bbox 34 1081 1539 1134; baseline -0.001 -13"><span class='ocrx_word' id='word_1_91' title='bbox 34 1083 154 1121; x_wconf 70' lang='lat' dir='ltr'>Venit</span> <span class='ocrx_word' id='word_1_92' title='bbox 176 1096 307 1120; x_wconf 80' lang='lat' dir='ltr'>novus</span> <span class='ocrx_word' id='word_1_93' title='bbox 337 1081 632 1120; x_wconf 80' lang='lat' dir='ltr'>Constantinus</span> <span class='ocrx_word' id='word_1_94' title='bbox 655 1083 704 1119; x_wconf 88' lang='lat' dir='ltr'>ad</span> <span class='ocrx_word' id='word_1_95' title='bbox 736 1082 997 1133; x_wconf 85' lang='lat' dir='ltr'>baptismum,</span> <span class='ocrx_word' id='word_1_96' title='bbox 1031 1083 1241 1134; x_wconf 87' lang='lat' dir='ltr'>abnegatis</span> <span class='ocrx_word' id='word_1_97' title='bbox 1257 1083 1407 1120; x_wconf 88' lang='lat' dir='ltr'>diaboli</span> <span class='ocrx_word' id='word_1_98' title='bbox 1422 1096 1539 1134; x_wconf 85' lang='lat' dir='ltr'>porn-</span> 
     </span>
     <span class='ocr_line' id='line_1_13' title="bbox 35 1147 1539 1201; baseline 0 -15"><span class='ocrx_word' id='word_1_99' title='bbox 35 1149 128 1201; x_wconf 60' lang='lat' dir='ltr'>plS5</span> <span class='ocrx_word' id='word_1_100' title='bbox 159 1148 222 1186; x_wconf 88' lang='lat' dir='ltr'>eui</span> <span class='ocrx_word' id='word_1_101' title='bbox 257 1148 448 1200; x_wconf 88' lang='lat' dir='ltr'>ingresso</span> <span class='ocrx_word' id='word_1_102' title='bbox 471 1148 519 1185; x_wconf 90' lang='lat' dir='ltr'>ad</span> <span class='ocrx_word' id='word_1_103' title='bbox 548 1147 810 1199; x_wconf 88' lang='lat' dir='ltr'>baptismum,</span> <span class='ocrx_word' id='word_1_104' title='bbox 835 1156 998 1186; x_wconf 88' lang='lat' dir='ltr'>sanctus</span> <span class='ocrx_word' id='word_1_105' title='bbox 1023 1147 1099 1185; x_wconf 90' lang='lat' dir='ltr'>Dei</span> <span class='ocrx_word' id='word_1_106' title='bbox 1128 1148 1187 1186; x_wconf 91' lang='lat' dir='ltr'>sic</span> <span class='ocrx_word' id='word_1_107' title='bbox 1221 1148 1274 1186; x_wconf 86' lang='lat' dir='ltr'>ait</span> <span class='ocrx_word' id='word_1_108' title='bbox 1296 1162 1365 1186; x_wconf 88' lang='lat' dir='ltr'>ore</span> <span class='ocrx_word' id='word_1_109' title='bbox 1401 1150 1539 1186; x_wconf 88' lang='lat' dir='ltr'>sacun-</span> 
     </span>
     <span class='ocr_line' id='line_1_14' title="bbox 37 1213 1537 1265; baseline -0.001 -13"><span class='ocrx_word' id='word_1_110' title='bbox 37 1215 88 1252; x_wconf 93' lang='lat' dir='ltr'>do</span> <span class='ocrx_word' id='word_1_111' title='bbox 108 1230 114 1251; x_wconf 90' lang='lat'>:</span> <span class='ocrx_word' id='word_1_112' title='bbox 155 1231 171 1249; x_wconf 76' lang='lat'>«</span> <span class='ocrx_word' id='word_1_113' title='bbox 211 1213 323 1252; x_wconf 87' lang='lat' dir='ltr'>Mitis</span> <span class='ocrx_word' id='word_1_114' title='bbox 367 1214 525 1265; x_wconf 90' lang='lat' dir='ltr'>depone</span> <span class='ocrx_word' id='word_1_115' title='bbox 566 1213 682 1259; x_wconf 85' lang='lat' dir='ltr'>colla,</span> <span class='ocrx_word' id='word_1_116' title='bbox 733 1213 961 1261; x_wconf 85' lang='lat' dir='ltr'>Sieamber,</span> <span class='ocrx_word' id='word_1_117' title='bbox 999 1214 1122 1252; x_wconf 89' lang='lat' dir='ltr'>adora</span> <span class='ocrx_word' id='word_1_118' title='bbox 1157 1214 1266 1265; x_wconf 89' lang='lat' dir='ltr'>quod</span> <span class='ocrx_word' id='word_1_119' title='bbox 1303 1214 1537 1264; x_wconf 82' lang='lat' dir='ltr'>incendisti,</span> 
     </span>
     <span class='ocr_line' id='line_1_15' title="bbox 41 1279 1541 1332; baseline 0 -14"><span class='ocrx_word' id='word_1_120' title='bbox 41 1281 254 1318; x_wconf 84' lang='lat' dir='ltr'>«incende</span> <span class='ocrx_word' id='word_1_121' title='bbox 287 1280 396 1332; x_wconf 89' lang='lat' dir='ltr'>quod</span> <span class='ocrx_word' id='word_1_122' title='bbox 427 1280 620 1317; x_wconf 85' lang='lat' dir='ltr'>adorasti.</span> <span class='ocrx_word' id='word_1_123' title='bbox 645 1295 660 1313; x_wconf 72' lang='lat' dir='ltr'>n</span> <span class='ocrx_word' id='word_1_124' title='bbox 694 1279 792 1318; x_wconf 85' lang='lat' dir='ltr'>Erat</span> <span class='ocrx_word' id='word_1_125' title='bbox 819 1289 949 1318; x_wconf 89' lang='lat' dir='ltr'>autem</span> <span class='ocrx_word' id='word_1_126' title='bbox 971 1280 1034 1318; x_wconf 87' lang='lat' dir='ltr'>vir</span> <span class='ocrx_word' id='word_1_127' title='bbox 1057 1280 1384 1331; x_wconf 87' lang='lat' dir='ltr'>sapientissimus</span> <span class='ocrx_word' id='word_1_128' title='bbox 1423 1293 1541 1318; x_wconf 85' lang='lat' dir='ltr'>sanc-</span> 
     </span>
     <span class='ocr_line' id='line_1_16' title="bbox 38 1345 1539 1398; baseline -0.001 -15"><span class='ocrx_word' id='word_1_129' title='bbox 38 1356 102 1384; x_wconf 92' lang='lat' dir='ltr'>tus</span> <span class='ocrx_word' id='word_1_130' title='bbox 137 1346 367 1398; x_wconf 83' lang='lat' dir='ltr'>Remigius,</span> <span class='ocrx_word' id='word_1_131' title='bbox 419 1345 649 1383; x_wconf 88' lang='lat' dir='ltr'>rhetoricus</span> <span class='ocrx_word' id='word_1_132' title='bbox 666 1374 675 1392; x_wconf 89' lang='lat'><em>‚</em></span> <span class='ocrx_word' id='word_1_133' title='bbox 717 1345 758 1382; x_wconf 91' lang='lat' dir='ltr'>in</span> <span class='ocrx_word' id='word_1_134' title='bbox 800 1345 1020 1383; x_wconf 83' lang='lat' dir='ltr'>virtutibus</span> <span class='ocrx_word' id='word_1_135' title='bbox 1068 1345 1225 1397; x_wconf 87' lang='lat' dir='ltr'>magnis</span> <span class='ocrx_word' id='word_1_136' title='bbox 1274 1346 1484 1397; x_wconf 88' lang='lat' dir='ltr'>preclarus</span> <span class='ocrx_word' id='word_1_137' title='bbox 1509 1351 1539 1380; x_wconf 66' lang='lat' dir='ltr'>q.</span> 
     </span>
     <span class='ocr_line' id='line_1_17' title="bbox 42 1410 1545 1464; baseline -0.001 -14"><span class='ocrx_word' id='word_1_138' title='bbox 42 1412 170 1464; x_wconf 84' lang='lat' dir='ltr'>Igitur</span> <span class='ocrx_word' id='word_1_139' title='bbox 203 1425 274 1449; x_wconf 82' lang='lat' dir='ltr'>rex</span> <span class='ocrx_word' id='word_1_140' title='bbox 308 1411 630 1462; x_wconf 85' lang='lat' dir='ltr'>omnipotentem</span> <span class='ocrx_word' id='word_1_141' title='bbox 655 1410 785 1448; x_wconf 91' lang='lat' dir='ltr'>Deum</span> <span class='ocrx_word' id='word_1_142' title='bbox 815 1410 856 1448; x_wconf 90' lang='lat' dir='ltr'>in</span> <span class='ocrx_word' id='word_1_143' title='bbox 888 1411 1085 1448; x_wconf 88' lang='lat' dir='ltr'>Trinitate</span> <span class='ocrx_word' id='word_1_144' title='bbox 1109 1412 1337 1459; x_wconf 89' lang='lat' dir='ltr'>consessus,</span> <span class='ocrx_word' id='word_1_145' title='bbox 1362 1412 1545 1463; x_wconf 88' lang='lat' dir='ltr'>baptiza-</span> 
     </span>
     <span class='ocr_line' id='line_1_18' title="bbox 40 1475 1545 1528; baseline -0.001 -13"><span class='ocrx_word' id='word_1_146' title='bbox 40 1486 104 1515; x_wconf 89' lang='lat' dir='ltr'>tus</span> <span class='ocrx_word' id='word_1_147' title='bbox 133 1485 194 1515; x_wconf 87' lang='lat' dir='ltr'>est</span> <span class='ocrx_word' id='word_1_148' title='bbox 229 1477 269 1514; x_wconf 90' lang='lat' dir='ltr'>in</span> <span class='ocrx_word' id='word_1_149' title='bbox 303 1476 466 1514; x_wconf 90' lang='lat' dir='ltr'>nomine</span> <span class='ocrx_word' id='word_1_150' title='bbox 505 1476 640 1514; x_wconf 88' lang='lat' dir='ltr'>Patris</span> <span class='ocrx_word' id='word_1_151' title='bbox 676 1484 714 1513; x_wconf 89' lang='lat' dir='ltr'>et</span> <span class='ocrx_word' id='word_1_152' title='bbox 745 1475 838 1513; x_wconf 87' lang='lat' dir='ltr'>Filii</span> <span class='ocrx_word' id='word_1_153' title='bbox 876 1484 914 1514; x_wconf 91' lang='lat' dir='ltr'>et</span> <span class='ocrx_word' id='word_1_154' title='bbox 945 1476 1124 1528; x_wconf 88' lang='lat' dir='ltr'>Spiritus</span> <span class='ocrx_word' id='word_1_155' title='bbox 1161 1477 1304 1522; x_wconf 88' lang='lat' dir='ltr'>sancti,</span> <span class='ocrx_word' id='word_1_156' title='bbox 1341 1477 1545 1515; x_wconf 88' lang='lat' dir='ltr'>delibutus</span> 
     </span>
     <span class='ocr_line' id='line_1_19' title="bbox 43 1541 1543 1594; baseline -0.002 -13"><span class='ocrx_word' id='word_1_157' title='bbox 43 1556 159 1581; x_wconf 88' lang='lat' dir='ltr'>sacro</span> <span class='ocrx_word' id='word_1_158' title='bbox 174 1542 362 1580; x_wconf 85' lang='lat' dir='ltr'>crismate</span> <span class='ocrx_word' id='word_1_159' title='bbox 382 1556 470 1579; x_wconf 86' lang='lat' dir='ltr'>cum</span> <span class='ocrx_word' id='word_1_160' title='bbox 494 1542 614 1594; x_wconf 85' lang='lat' dir='ltr'>signo</span> <span class='ocrx_word' id='word_1_161' title='bbox 629 1549 766 1579; x_wconf 86' lang='lat' dir='ltr'>sancte</span> <span class='ocrx_word' id='word_1_162' title='bbox 784 1541 918 1579; x_wconf 80' lang='lat' dir='ltr'>crucis</span> <span class='ocrx_word' id='word_1_163' title='bbox 935 1541 1100 1579; x_wconf 90' lang='lat' dir='ltr'>Domini</span> <span class='ocrx_word' id='word_1_164' title='bbox 1117 1542 1249 1580; x_wconf 84' lang='lat' dir='ltr'>nostri</span> <span class='ocrx_word' id='word_1_165' title='bbox 1267 1542 1362 1581; x_wconf 90' lang='lat' dir='ltr'>Jesu</span> <span class='ocrx_word' id='word_1_166' title='bbox 1375 1542 1543 1581; x_wconf 86' lang='lat' dir='ltr'>Christi.</span> 
     </span>
     <span class='ocr_line' id='line_1_20' title="bbox 42 1606 1544 1661; baseline -0.001 -15"><span class='ocrx_word' id='word_1_167' title='bbox 42 1609 308 1661; x_wconf 86' lang='lat' dir='ltr'>Baptizantur</span> <span class='ocrx_word' id='word_1_168' title='bbox 330 1609 378 1645; x_wconf 90' lang='lat' dir='ltr'>de</span> <span class='ocrx_word' id='word_1_169' title='bbox 413 1607 592 1645; x_wconf 83' lang='lat' dir='ltr'>exercitu</span> <span class='ocrx_word' id='word_1_170' title='bbox 635 1606 720 1658; x_wconf 83' lang='lat' dir='ltr'>ejus</span> <span class='ocrx_word' id='word_1_171' title='bbox 757 1607 930 1659; x_wconf 88' lang='lat' dir='ltr'>amplius</span> <span class='ocrx_word' id='word_1_172' title='bbox 964 1621 1085 1659; x_wconf 85' lang='lat' dir='ltr'>quam</span> <span class='ocrx_word' id='word_1_173' title='bbox 1107 1608 1184 1646; x_wconf 83' lang='lat' dir='ltr'>tria</span> <span class='ocrx_word' id='word_1_174' title='bbox 1206 1608 1329 1646; x_wconf 89' lang='lat' dir='ltr'>millia</span> <span class='ocrx_word' id='word_1_175' title='bbox 1349 1609 1544 1647; x_wconf 86' lang='lat' dir='ltr'>virorum.</span> 
     </span>
     <span class='ocr_line' id='line_1_21' title="bbox 45 1672 1547 1726; baseline -0.001 -14"><span class='ocrx_word' id='word_1_176' title='bbox 45 1675 313 1726; x_wconf 87' lang='lat' dir='ltr'>Baptizantur</span> <span class='ocrx_word' id='word_1_177' title='bbox 335 1687 500 1712; x_wconf 90' lang='lat' dir='ltr'>sorores</span> <span class='ocrx_word' id='word_1_178' title='bbox 525 1672 612 1725; x_wconf 82' lang='lat' dir='ltr'>ejus</span> <span class='ocrx_word' id='word_1_179' title='bbox 627 1672 690 1710; x_wconf 80' lang='lat' dir='ltr'>his</span> <span class='ocrx_word' id='word_1_180' title='bbox 713 1673 948 1711; x_wconf 88' lang='lat' dir='ltr'>nominibus</span> <span class='ocrx_word' id='word_1_181' title='bbox 969 1688 975 1709; x_wconf 94' lang='lat'><strong>:</strong></span> <span class='ocrx_word' id='word_1_182' title='bbox 994 1672 1220 1712; x_wconf 88' lang='lat' dir='ltr'>Albossedis</span> <span class='ocrx_word' id='word_1_183' title='bbox 1243 1682 1281 1712; x_wconf 87' lang='lat' dir='ltr'>et</span> <span class='ocrx_word' id='word_1_184' title='bbox 1305 1673 1547 1712; x_wconf 89' lang='lat' dir='ltr'>Landechil-</span> 
     </span>
     <span class='ocr_line' id='line_1_22' title="bbox 45 1738 1545 1792; baseline -0.001 -15"><span class='ocrx_word' id='word_1_185' title='bbox 45 1739 107 1778; x_wconf 88' lang='lat' dir='ltr'>dis</span> <span class='ocrx_word' id='word_1_186' title='bbox 129 1740 170 1778; x_wconf 91' lang='lat' dir='ltr'>in</span> <span class='ocrx_word' id='word_1_187' title='bbox 192 1740 281 1792; x_wconf 90' lang='lat' dir='ltr'>ipsa</span> <span class='ocrx_word' id='word_1_188' title='bbox 297 1739 375 1778; x_wconf 93' lang='lat' dir='ltr'>die.</span> <span class='ocrx_word' id='word_1_189' title='bbox 394 1739 631 1791; x_wconf 84' lang='lat' dir='ltr'>Baptizatur</span> <span class='ocrx_word' id='word_1_190' title='bbox 646 1747 789 1790; x_wconf 89' lang='lat' dir='ltr'>postea</span> <span class='ocrx_word' id='word_1_191' title='bbox 810 1747 980 1777; x_wconf 88' lang='lat' dir='ltr'>cunctus</span> <span class='ocrx_word' id='word_1_192' title='bbox 993 1738 1169 1791; x_wconf 89' lang='lat' dir='ltr'>populus</span> <span class='ocrx_word' id='word_1_193' title='bbox 1188 1739 1451 1786; x_wconf 86' lang='lat' dir='ltr'>Francorum,</span> <span class='ocrx_word' id='word_1_194' title='bbox 1470 1739 1545 1777; x_wconf 84' lang='lat' dir='ltr'>viri</span> 
     </span>
     <span class='ocr_line' id='line_1_23' title="bbox 46 1806 310 1844; baseline 0 0"><span class='ocrx_word' id='word_1_195' title='bbox 46 1815 84 1844; x_wconf 91' lang='lat' dir='ltr'>et</span> <span class='ocrx_word' id='word_1_196' title='bbox 105 1806 310 1844; x_wconf 89' lang='lat' dir='ltr'>mulieres.</span> 
     </span>
    </p>

    <p class='ocr_par' dir='ltr' id='par_1_3' title="bbox 49 1870 1560 2707">
     <span class='ocr_line' id='line_1_24' title="bbox 102 1870 1546 1924; baseline -0.002 -13"><span class='ocrx_word' id='word_1_197' title='bbox 102 1875 163 1912; x_wconf 87' lang='lat'>15.</span> <span class='ocrx_word' id='word_1_198' title='bbox 182 1871 428 1910; x_wconf 88' lang='lat' dir='ltr'>—Posthec</span> <span class='ocrx_word' id='word_1_199' title='bbox 445 1871 675 1910; x_wconf 81' lang='lat' dir='ltr'>Clodoveus</span> <span class='ocrx_word' id='word_1_200' title='bbox 699 1879 841 1910; x_wconf 87' lang='lat' dir='ltr'>contra</span> <span class='ocrx_word' id='word_1_201' title='bbox 864 1871 1161 1910; x_wconf 86' lang='lat' dir='ltr'>Gundebadum</span> <span class='ocrx_word' id='word_1_202' title='bbox 1185 1879 1222 1910; x_wconf 89' lang='lat' dir='ltr'>et</span> <span class='ocrx_word' id='word_1_203' title='bbox 1234 1870 1546 1924; x_wconf 79' lang='lat' dir='ltr'>Godegiselumr</span> 
     </span>
     <span class='ocr_line' id='line_1_25' title="bbox 50 1936 1547 1990; baseline -0.001 -14"><span class='ocrx_word' id='word_1_204' title='bbox 50 1940 212 1976; x_wconf 89' lang='lat' dir='ltr'>fratrem</span> <span class='ocrx_word' id='word_1_205' title='bbox 243 1936 329 1990; x_wconf 87' lang='lat' dir='ltr'>ejus</span> <span class='ocrx_word' id='word_1_206' title='bbox 350 1937 531 1990; x_wconf 83' lang='lat' dir='ltr'>perrexit</span> <span class='ocrx_word' id='word_1_207' title='bbox 553 1950 642 1975; x_wconf 86' lang='lat' dir='ltr'>cum</span> <span class='ocrx_word' id='word_1_208' title='bbox 676 1936 802 1975; x_wconf 87' lang='lat' dir='ltr'>multo</span> <span class='ocrx_word' id='word_1_209' title='bbox 837 1937 1017 1975; x_wconf 82' lang='lat' dir='ltr'>exercitu</span> <span class='ocrx_word' id='word_1_210' title='bbox 1042 1936 1308 1976; x_wconf 86' lang='lat' dir='ltr'>Francorum.</span> <span class='ocrx_word' id='word_1_211' title='bbox 1355 1936 1431 1982; x_wconf 90' lang='lat' dir='ltr'>Illi,</span> <span class='ocrx_word' id='word_1_212' title='bbox 1475 1936 1547 1974; x_wconf 85' lang='lat' dir='ltr'>hec</span> 
     </span>
     <span class='ocr_line' id='line_1_26' title="bbox 49 2002 1547 2056; baseline -0.002 -14"><span class='ocrx_word' id='word_1_213' title='bbox 49 2004 274 2050; x_wconf 88' lang='lat' dir='ltr'>audientes,</span> <span class='ocrx_word' id='word_1_214' title='bbox 298 2003 493 2056; x_wconf 90' lang='lat' dir='ltr'>populum</span> <span class='ocrx_word' id='word_1_215' title='bbox 521 2003 689 2041; x_wconf 88' lang='lat' dir='ltr'>multum</span> <span class='ocrx_word' id='word_1_216' title='bbox 712 2003 1056 2056; x_wconf 86' lang='lat' dir='ltr'>Burgundionum</span> <span class='ocrx_word' id='word_1_217' title='bbox 1079 2013 1304 2049; x_wconf 82' lang='lat' dir='ltr'>moventes,</span> <span class='ocrx_word' id='word_1_218' title='bbox 1329 2004 1377 2042; x_wconf 88' lang='lat' dir='ltr'>ad</span> <span class='ocrx_word' id='word_1_219' title='bbox 1399 2002 1547 2040; x_wconf 90' lang='lat' dir='ltr'>bellum</span> 
     </span>
     <span class='ocr_line' id='line_1_27' title="bbox 49 2069 1546 2123; baseline -0.001 -14"><span class='ocrx_word' id='word_1_220' title='bbox 49 2070 594 2122; x_wconf 71' lang='lat' dir='ltr'>preparant,venientesque</span> <span class='ocrx_word' id='word_1_221' title='bbox 617 2069 791 2107; x_wconf 91' lang='lat' dir='ltr'>Divione</span> <span class='ocrx_word' id='word_1_222' title='bbox 808 2079 943 2109; x_wconf 87' lang='lat' dir='ltr'>castro</span> <span class='ocrx_word' id='word_1_223' title='bbox 979 2084 1104 2123; x_wconf 84' lang='lat' dir='ltr'>super</span> <span class='ocrx_word' id='word_1_224' title='bbox 1138 2070 1332 2109; x_wconf 83' lang='lat' dir='ltr'>Oscaram</span> <span class='ocrx_word' id='word_1_225' title='bbox 1366 2070 1546 2113; x_wconf 72' lang='lat' dir='ltr'>fluvium,</span> 
     </span>
     <span class='ocr_line' id='line_1_28' title="bbox 51 2135 1550 2188; baseline -0.001 -15"><span class='ocrx_word' id='word_1_226' title='bbox 51 2136 188 2188; x_wconf 90' lang='lat' dir='ltr'>ibique</span> <span class='ocrx_word' id='word_1_227' title='bbox 211 2144 352 2174; x_wconf 87' lang='lat' dir='ltr'>contra</span> <span class='ocrx_word' id='word_1_228' title='bbox 373 2149 415 2174; x_wconf 92' lang='lat' dir='ltr'>se</span> <span class='ocrx_word' id='word_1_229' title='bbox 438 2135 597 2174; x_wconf 83' lang='lat' dir='ltr'>fortiter</span> <span class='ocrx_word' id='word_1_230' title='bbox 619 2144 959 2188; x_wconf 85' lang='lat' dir='ltr'>compugnantes,</span> <span class='ocrx_word' id='word_1_231' title='bbox 978 2150 999 2174; x_wconf 89' lang='lat' dir='ltr'>a</span> <span class='ocrx_word' id='word_1_232' title='bbox 1021 2136 1250 2175; x_wconf 80' lang='lat' dir='ltr'>Clodoveo⁵</span> <span class='ocrx_word' id='word_1_233' title='bbox 1274 2136 1550 2174; x_wconf 91' lang='lat' dir='ltr'>Gundebadus</span> 
     </span>
     <span class='ocr_line' id='line_1_29' title="bbox 53 2201 1553 2254; baseline -0.002 -14"><span class='ocrx_word' id='word_1_234' title='bbox 53 2210 92 2240; x_wconf 88' lang='lat' dir='ltr'>et</span> <span class='ocrx_word' id='word_1_235' title='bbox 114 2201 386 2254; x_wconf 87' lang='lat' dir='ltr'>Godegiselus</span> <span class='ocrx_word' id='word_1_236' title='bbox 410 2210 528 2253; x_wconf 88' lang='lat' dir='ltr'>atque</span> <span class='ocrx_word' id='word_1_237' title='bbox 570 2201 890 2253; x_wconf 89' lang='lat' dir='ltr'>Burgundiones</span> <span class='ocrx_word' id='word_1_238' title='bbox 924 2202 1041 2241; x_wconf 85' lang='lat' dir='ltr'>valde</span> <span class='ocrx_word' id='word_1_239' title='bbox 1085 2203 1184 2250; x_wconf 91' lang='lat' dir='ltr'>cesi,</span> <span class='ocrx_word' id='word_1_240' title='bbox 1209 2211 1324 2254; x_wconf 86' lang='lat' dir='ltr'>terga</span> <span class='ocrx_word' id='word_1_241' title='bbox 1343 2208 1553 2240; x_wconf 81' lang='lat' dir='ltr'>verterunt</span> 
     </span>
     <span class='ocr_line' id='line_1_30' title="bbox 54 2266 1553 2319; baseline -0.001 -14"><span class='ocrx_word' id='word_1_242' title='bbox 54 2268 103 2306; x_wconf 86' lang='lat' dir='ltr'>ad</span> <span class='ocrx_word' id='word_1_243' title='bbox 120 2268 267 2319; x_wconf 86' lang='lat' dir='ltr'>fugam.</span> <span class='ocrx_word' id='word_1_244' title='bbox 288 2266 535 2313; x_wconf 83' lang='lat' dir='ltr'>Clodoveus,</span> <span class='ocrx_word' id='word_1_245' title='bbox 556 2266 658 2305; x_wconf 84' lang='lat' dir='ltr'>sicut</span> <span class='ocrx_word' id='word_1_246' title='bbox 682 2266 852 2314; x_wconf 85' lang='lat' dir='ltr'>solebat,</span> <span class='ocrx_word' id='word_1_247' title='bbox 877 2268 1010 2306; x_wconf 89' lang='lat' dir='ltr'>victor</span> <span class='ocrx_word' id='word_1_248' title='bbox 1022 2268 1166 2313; x_wconf 84' lang='lat' dir='ltr'>extitit,</span> <span class='ocrx_word' id='word_1_249' title='bbox 1182 2267 1414 2319; x_wconf 84' lang='lat' dir='ltr'>afflictoque</span> <span class='ocrx_word' id='word_1_250' title='bbox 1436 2279 1553 2304; x_wconf 84' lang='lat' dir='ltr'>exer-</span> 
     </span>
     <span class='ocr_line' id='line_1_31' title="bbox 57 2331 1552 2387; baseline -0.002 -16"><span class='ocrx_word' id='word_1_251' title='bbox 57 2333 139 2371; x_wconf 86' lang='lat' dir='ltr'>citu</span> <span class='ocrx_word' id='word_1_252' title='bbox 161 2333 518 2385; x_wconf 85' lang='lat' dir='ltr'>Burgundionum,</span> <span class='ocrx_word' id='word_1_253' title='bbox 553 2332 832 2372; x_wconf 87' lang='lat' dir='ltr'>Gundebadus</span> <span class='ocrx_word' id='word_1_254' title='bbox 854 2341 892 2371; x_wconf 89' lang='lat' dir='ltr'>et</span> <span class='ocrx_word' id='word_1_255' title='bbox 914 2333 1188 2387; x_wconf 86' lang='lat' dir='ltr'>Godegiselus</span> <span class='ocrx_word' id='word_1_256' title='bbox 1211 2333 1251 2371; x_wconf 92' lang='lat' dir='ltr'>in</span> <span class='ocrx_word' id='word_1_257' title='bbox 1274 2334 1406 2385; x_wconf 85' lang='lat' dir='ltr'>sugam</span> <span class='ocrx_word' id='word_1_258' title='bbox 1427 2331 1552 2375; x_wconf 78' lang='lat' dir='ltr'>versi,</span> 
     </span>
     <span class='ocr_line' id='line_1_32' title="bbox 58 2397 1556 2451; baseline -0.002 -14"><span class='ocrx_word' id='word_1_259' title='bbox 58 2399 125 2437; x_wconf 79' lang='lat' dir='ltr'>vix</span> <span class='ocrx_word' id='word_1_260' title='bbox 149 2407 384 2437; x_wconf 76' lang='lat' dir='ltr'>evaserunt.</span> <span class='ocrx_word' id='word_1_261' title='bbox 405 2398 683 2437; x_wconf 88' lang='lat' dir='ltr'>Gundebadus</span> <span class='ocrx_word' id='word_1_262' title='bbox 705 2398 745 2436; x_wconf 92' lang='lat' dir='ltr'>in</span> <span class='ocrx_word' id='word_1_263' title='bbox 768 2398 1050 2438; x_wconf 83' lang='lat' dir='ltr'>Avennionem</span> <span class='ocrx_word' id='word_1_264' title='bbox 1075 2400 1275 2438; x_wconf 86' lang='lat' dir='ltr'>civitatem</span> <span class='ocrx_word' id='word_1_265' title='bbox 1298 2412 1422 2451; x_wconf 85' lang='lat' dir='ltr'>super</span> <span class='ocrx_word' id='word_1_266' title='bbox 1447 2397 1556 2435; x_wconf 86' lang='lat' dir='ltr'>Hro-</span> 
     </span>
     <span class='ocr_line' id='line_1_33' title="bbox 61 2464 1554 2517; baseline -0.001 -15"><span class='ocrx_word' id='word_1_267' title='bbox 61 2465 212 2503; x_wconf 88' lang='lat' dir='ltr'>danum</span> <span class='ocrx_word' id='word_1_268' title='bbox 229 2465 461 2517; x_wconf 87' lang='lat' dir='ltr'>ingressus,</span> <span class='ocrx_word' id='word_1_269' title='bbox 485 2465 539 2502; x_wconf 89' lang='lat' dir='ltr'>ibi</span> <span class='ocrx_word' id='word_1_270' title='bbox 562 2477 605 2502; x_wconf 87' lang='lat' dir='ltr'>se</span> <span class='ocrx_word' id='word_1_271' title='bbox 626 2464 808 2503; x_wconf 86' lang='lat' dir='ltr'>reclusit.</span> <span class='ocrx_word' id='word_1_272' title='bbox 835 2464 1066 2504; x_wconf 79' lang='lat' dir='ltr'>clodoveus</span> <span class='ocrx_word' id='word_1_273' title='bbox 1084 2465 1164 2504; x_wconf 91' lang='lat' dir='ltr'>illic</span> <span class='ocrx_word' id='word_1_274' title='bbox 1188 2479 1276 2503; x_wconf 90' lang='lat' dir='ltr'>eum</span> <span class='ocrx_word' id='word_1_275' title='bbox 1298 2471 1554 2516; x_wconf 46' lang='lat' dir='ltr'>persecutus</span> 
     </span>
     <span class='ocr_line' id='line_1_34' title="bbox 62 2527 1559 2579; baseline -0.003 -11"><span class='ocrx_word' id='word_1_276' title='bbox 62 2529 240 2577; x_wconf 88' lang='lat' dir='ltr'>obsedit,</span> <span class='ocrx_word' id='word_1_277' title='bbox 264 2538 307 2568; x_wconf 85' lang='lat' dir='ltr'>ut</span> <span class='ocrx_word' id='word_1_278' title='bbox 329 2543 418 2568; x_wconf 91' lang='lat' dir='ltr'>eum</span> <span class='ocrx_word' id='word_1_279' title='bbox 441 2530 489 2567; x_wconf 90' lang='lat' dir='ltr'>de</span> <span class='ocrx_word' id='word_1_280' title='bbox 506 2529 665 2567; x_wconf 83' lang='lat' dir='ltr'>civitate</span> <span class='ocrx_word' id='word_1_281' title='bbox 682 2539 903 2569; x_wconf 83' lang='lat' dir='ltr'>extractum</span> <span class='ocrx_word' id='word_1_282' title='bbox 931 2531 1196 2570; x_wconf 85' lang='lat' dir='ltr'>interimeret.</span> <span class='ocrx_word' id='word_1_283' title='bbox 1223 2530 1341 2579; x_wconf 89' lang='lat' dir='ltr'>Quod</span> <span class='ocrx_word' id='word_1_284' title='bbox 1362 2529 1428 2566; x_wconf 92' lang='lat' dir='ltr'>ille</span> <span class='ocrx_word' id='word_1_285' title='bbox 1444 2527 1559 2565; x_wconf 87' lang='lat' dir='ltr'>audi-</span> 
     </span>
     <span class='ocr_line' id='line_1_35' title="bbox 63 2594 1557 2648; baseline -0.003 -15"><span class='ocrx_word' id='word_1_286' title='bbox 63 2608 152 2642; x_wconf 90' lang='lat' dir='ltr'>ens,</span> <span class='ocrx_word' id='word_1_287' title='bbox 167 2608 320 2647; x_wconf 86' lang='lat' dir='ltr'>pavore</span> <span class='ocrx_word' id='word_1_288' title='bbox 340 2595 601 2647; x_wconf 86' lang='lat' dir='ltr'>perterritus,</span> <span class='ocrx_word' id='word_1_289' title='bbox 620 2597 821 2634; x_wconf 85' lang='lat' dir='ltr'>metuebat</span> <span class='ocrx_word' id='word_1_290' title='bbox 833 2610 882 2634; x_wconf 91' lang='lat' dir='ltr'>ne</span> <span class='ocrx_word' id='word_1_291' title='bbox 893 2596 928 2634; x_wconf 91' lang='lat' dir='ltr'>ei</span> <span class='ocrx_word' id='word_1_292' title='bbox 951 2610 1060 2635; x_wconf 88' lang='lat' dir='ltr'>mors</span> <span class='ocrx_word' id='word_1_293' title='bbox 1079 2596 1292 2648; x_wconf 85' lang='lat' dir='ltr'>repentina</span> <span class='ocrx_word' id='word_1_294' title='bbox 1307 2594 1557 2632; x_wconf 89' lang='lat' dir='ltr'>succederet.</span> 
     </span>
     <span class='ocr_line' id='line_1_36' title="bbox 71 2659 1560 2707; baseline -0.002 -10"><span class='ocrx_word' id='word_1_295' title='bbox 71 2659 259 2698; x_wconf 86' lang='lat' dir='ltr'>Habebat</span> <span class='ocrx_word' id='word_1_296' title='bbox 298 2669 431 2699; x_wconf 90' lang='lat' dir='ltr'>tamen</span> <span class='ocrx_word' id='word_1_297' title='bbox 485 2674 620 2698; x_wconf 83' lang='lat' dir='ltr'>secum</span> <span class='ocrx_word' id='word_1_298' title='bbox 672 2661 802 2698; x_wconf 71' lang='lat' dir='ltr'>virum</span> <span class='ocrx_word' id='word_1_299' title='bbox 836 2661 1035 2700; x_wconf 86' lang='lat' dir='ltr'>illustrem</span> <span class='ocrx_word' id='word_1_300' title='bbox 1071 2661 1266 2699; x_wconf 85' lang='lat' dir='ltr'>Aredium</span> <span class='ocrx_word' id='word_1_301' title='bbox 1282 2662 1304 2707; x_wconf 90' lang='lat'>¹,</span> <span class='ocrx_word' id='word_1_302' title='bbox 1353 2668 1560 2697; x_wconf 85' lang='lat' dir='ltr'>strenuum</span> 
     </span>
    </p>
   </div>
   <div class='ocr_carea' id='block_1_3' title="bbox 76 2770 1564 2897">
    <p class='ocr_par' dir='ltr' id='par_1_4' title="bbox 76 2770 1564 2897">
     <span class='ocr_line' id='line_1_37' title="bbox 114 2770 1563 2815; baseline -0.011 0"><span class='ocrx_word' id='word_1_303' title='bbox 114 2774 149 2815; x_wconf 81' lang='grc' dir='ltr'>Ρ)</span> <span class='ocrx_word' id='word_1_304' title='bbox 171 2777 396 2814; x_wconf 66' lang='grc' dir='ltr'>ΡΓΕΟΠῙῪΕΠῙΘ</span> <span class='ocrx_word' id='word_1_305' title='bbox 417 2774 455 2809; x_wconf 74' lang='lat' dir='ltr'>D,</span> <span class='ocrx_word' id='word_1_306' title='bbox 498 2774 535 2807; x_wconf 74' lang='grc' dir='ltr'>Ε,</span> <span class='ocrx_word' id='word_1_307' title='bbox 571 2773 609 2804; x_wconf 86' lang='lat' dir='ltr'>G·</span> <span class='ocrx_word' id='word_1_308' title='bbox 644 2791 684 2796; x_wconf 89' lang='lat'>--</span> <span class='ocrx_word' id='word_1_309' title='bbox 704 2773 759 2814; x_wconf 84' lang='lat' dir='ltr'>q*)</span> <span class='ocrx_word' id='word_1_310' title='bbox 791 2773 888 2804; x_wconf 81' lang='lat' dir='ltr'>Cecis</span> <span class='ocrx_word' id='word_1_311' title='bbox 911 2774 1024 2805; x_wconf 77' lang='lat' dir='ltr'>visum</span> <span class='ocrx_word' id='word_1_312' title='bbox 1051 2774 1249 2809; x_wconf 76' lang='lat' dir='ltr'>restituens,</span> <span class='ocrx_word' id='word_1_313' title='bbox 1290 2771 1434 2802; x_wconf 78' lang='lat' dir='ltr'>mortuis</span> <span class='ocrx_word' id='word_1_314' title='bbox 1458 2770 1563 2800; x_wconf 73' lang='lat' dir='ltr'>vitam</span> 
     </span>
     <span class='ocr_line' id='line_1_38' title="bbox 76 2812 1564 2856; baseline -0.003 -11"><span class='ocrx_word' id='word_1_315' title='bbox 76 2825 260 2856; x_wconf 80' lang='lat' dir='ltr'>reparans.</span> <span class='ocrx_word' id='word_1_316' title='bbox 278 2815 437 2846; x_wconf 80' lang='lat' dir='ltr'>demonia</span> <span class='ocrx_word' id='word_1_317' title='bbox 465 2815 603 2849; x_wconf 87' lang='lat' dir='ltr'>eiciens,</span> <span class='ocrx_word' id='word_1_318' title='bbox 628 2815 709 2845; x_wconf 85' lang='lat' dir='ltr'>add.</span> <span class='ocrx_word' id='word_1_319' title='bbox 728 2815 809 2845; x_wconf 90' lang='lat' dir='ltr'>C.—</span> <span class='ocrx_word' id='word_1_320' title='bbox 828 2816 856 2855; x_wconf 78' lang='lat' dir='ltr'>r)</span> <span class='ocrx_word' id='word_1_321' title='bbox 879 2815 1119 2856; x_wconf 83' lang='lat' dir='ltr'>Godegisilum</span> <span class='ocrx_word' id='word_1_322' title='bbox 1141 2816 1176 2850; x_wconf 76' lang='lat' dir='ltr'>F,</span> <span class='ocrx_word' id='word_1_323' title='bbox 1193 2815 1284 2846; x_wconf 66' lang='grc'>8.-</span> <span class='ocrx_word' id='word_1_324' title='bbox 1303 2814 1331 2855; x_wconf 85' lang='lat' dir='ltr'>s)</span> <span class='ocrx_word' id='word_1_325' title='bbox 1354 2824 1372 2843; x_wconf 88' lang='lat' dir='ltr'>a</span> <span class='ocrx_word' id='word_1_326' title='bbox 1394 2812 1564 2843; x_wconf 75' lang='lat' dir='ltr'>clodoveo</span> 
     </span>
     <span class='ocr_line' id='line_1_39' title="bbox 76 2856 908 2897; baseline 0 -11"><span class='ocrx_word' id='word_1_327' title='bbox 76 2857 170 2886; x_wconf 84' lang='lat' dir='ltr'>deest</span> <span class='ocrx_word' id='word_1_328' title='bbox 187 2857 224 2893; x_wconf 85' lang='lat' dir='ltr'>E,</span> <span class='ocrx_word' id='word_1_329' title='bbox 247 2857 283 2887; x_wconf 90' lang='lat' dir='ltr'>F.</span> <span class='ocrx_word' id='word_1_330' title='bbox 306 2875 347 2880; x_wconf 90' lang='lat'>-—-</span> <span class='ocrx_word' id='word_1_331' title='bbox 366 2857 392 2897; x_wconf 85' lang='lat' dir='ltr'>t)</span> <span class='ocrx_word' id='word_1_332' title='bbox 414 2856 575 2886; x_wconf 84' lang='lat' dir='ltr'>Arcdium</span> <span class='ocrx_word' id='word_1_333' title='bbox 599 2856 735 2886; x_wconf 88' lang='lat' dir='ltr'>nomine</span> <span class='ocrx_word' id='word_1_334' title='bbox 756 2857 793 2892; x_wconf 77' lang='lat' dir='ltr'>E,</span> <span class='ocrx_word' id='word_1_335' title='bbox 817 2857 852 2893; x_wconf 83' lang='lat' dir='ltr'>F,</span> <span class='ocrx_word' id='word_1_336' title='bbox 869 2857 908 2887; x_wconf 88' lang='lat' dir='ltr'>G.</span> 
     </span>
    </p>
   </div>
   <div class='ocr_carea' id='block_1_4' title="bbox 1329 2934 1346 2962">
    <p class='ocr_par' dir='ltr' id='par_1_5' title="bbox 1329 2934 1346 2962">
     <span class='ocr_line' id='line_1_40' title="bbox 1329 2934 1346 2962; baseline 0 0"><span class='ocrx_word' id='word_1_337' title='bbox 1329 2934 1346 2962; x_wconf 81' lang='lat'><strong>2</strong></span> 
     </span>
    </p>
   </div>
  </div>
 </body>
</html>
