1908 3256
296 297 371 333 114
814 310 999 336 Ammiani
1031 310 1271 335 cnnomcox

288 406 349 437 ιη’ζ
371 401 566 438 terminos
591 401 668 437 sibi
706 401 947 438 commissos
971 410 1196 439 tuerentur.
1234 401 1413 439 Solomir
1450 403 1556 440 enim
1595 411 1785 442 tenuerat

286 465 398 503 solus
415 480 585 517 regnum
609 480 735 517 super
755 466 979 504 Abodritos
1003 476 1097 518 post
1119 475 1289 504 mortem
1313 467 1552 514 Trasconis,
1577 477 1615 506 et
1636 471 1684 506 ab
1707 469 1785 506 im-

282 540 472 582 peratore
505 541 598 570 tunc
634 532 877 584 jubebatur³¹
911 533 1055 584 partiri
1090 546 1259 584 regnum
1301 547 1389 571 cum
1431 533 1660 586 Ceadrago,
1702 535 1785 573 filio

284 598 519 635 Trasconis.
547 599 680 646 Quare
722 599 774 636 ita
815 599 1056 636 amaricatus
1096 608 1156 636 est
1198 598 1376 636 Solomir
1415 608 1456 637 ut
1492 600 1727 638 adfirmaret
1745 614 1787 639 se

284 677 503 714 numquam
519 665 567 701 ad
589 664 781 715 palatium
800 673 1015 702 venturum
1038 664 1316 715 imperatoris,
1342 665 1413 702 sed
1436 678 1527 702 mox
1543 664 1679 716 junxit
1694 667 1790 703 ami-

283 729 404 766 cicias
433 743 521 766 cum
553 730 648 766 filiis
691 729 921 775 Godesridi,
948 730 1068 767 simul
1090 730 1130 767 in
1163 730 1377 767 Saxoniam
1416 730 1638 768 exercitum
1666 731 1785 769 mise-

283 804 377 832 runt
396 809 520 846 super
542 795 848 846 imperatorem,
871 803 908 832 et
930 795 1075 832 classis
1098 804 1238 833 eorum
1269 809 1344 846 per
1380 795 1541 833 Albiam
1575 810 1707 848 usque
1740 798 1789 835 ad

284 866 493 904 Esesssed''
516 867 729 904 castellum
751 867 876 914 venit,
913 876 1120 918 totamque
1144 867 1279 905 Sturie
1302 868 1480 905 fluminis
1498 868 1628 919 ripam
1649 869 1791 906 devas-

284 932 397 974 tavit,
430 941 467 970 et
508 932 749 970 Gluomicos
784 933 1044 970 Normannos
1080 934 1296 984 pedestres
1334 934 1503 980 ducens,
1544 934 1664 971 simul
1700 948 1790 972 cum

285 997 499 1036 Abodritis
522 1007 687 1036 terreno
710 999 854 1036 itinere
877 1000 926 1036 ad
948 999 1082 1050 ipsum
1099 999 1308 1036 castellum
1325 999 1512 1045 accessit,
1529 999 1677 1050 quibus
1700 1013 1789 1037 cum

285 1063 431 1101 Franci
456 1065 617 1102 fortiter
637 1064 905 1110 restitissent,
930 1065 1082 1102 omissa
1098 1065 1253 1102 castelli
1280 1065 1603 1117 oppugnatione,
1629 1066 1789 1103 disces-

285 1138 445 1167 serunt.

345 1198 379 1232 4.
404 1219 455 1223 -
478 1195 608 1247 Igitur
628 1196 866 1248 imperator,
889 1197 1105 1235 venatione
1129 1198 1244 1243 facta,
1270 1210 1360 1234 cum
1379 1196 1633 1249 Aquisgrani
1655 1211 1790 1235 rever-

281 1269 318 1297 te
330 1262 697 1307 retur,nunciatum
721 1271 782 1300 est
799 1262 834 1300 ei
854 1262 1127 1308 Bernardum,
1145 1271 1337 1313 nepotem
1356 1276 1488 1308 suum,
1506 1262 1618 1300 ltalie
1634 1276 1788 1315 regem,

286 1327 461 1364 consilio
483 1341 703 1378 pravorum
726 1328 933 1366 hominum
957 1328 1202 1366 tirannidem
1220 1328 1450 1366 meditatam
1462 1327 1627 1380 jamque
1644 1342 1785 1366 omnes

287 1392 420 1430 aditus
443 1393 592 1444 quibus
607 1394 646 1431 in
672 1393 824 1432 Italiam
848 1395 1024 1432 intratur
1044 1393 1229 1432 firmasse
1251 1394 1464 1445 presidiis,
1482 1403 1520 1432 et
1535 1394 1630 1446 quia
1647 1408 1788 1432 omnes

289 1457 401 1495 Italie
424 1459 608 1497 civitates
631 1460 672 1497 in
694 1460 804 1498 illius
834 1461 959 1498 verba
985 1459 1238 1512 juraverant,
1263 1461 1373 1511 quod
1408 1474 1456 1498 ex
1494 1469 1608 1511 parte
1647 1474 1788 1498 verum

286 1533 384 1562 erat.
412 1524 638 1576 Imperator
656 1540 768 1573 vero,
795 1540 842 1563 ex
857 1535 941 1565 tota
960 1526 1091 1564 Gallia
1112 1535 1149 1564 et
1171 1526 1390 1563 Germania
1405 1534 1655 1578 congregato
1675 1540 1789 1564 sum-

286 1604 347 1628 ma
366 1591 572 1628 celeritate
592 1592 766 1630 maximo
781 1593 978 1637 exercitu,
994 1592 1147 1630 Italiam
1164 1593 1316 1629 intrare
1335 1592 1512 1629 festinat.
1532 1592 1786 1638 Bernartius,

283 1658 404 1694 rebus
428 1657 513 1694 suis
528 1657 730 1705 diffidens,
746 1659 918 1696 maxime
944 1659 1056 1710 quod
1073 1672 1093 1696 a
1117 1659 1203 1696 suis
1217 1658 1366 1696 cotidie
1390 1671 1432 1695 se
1454 1658 1590 1695 deseri
1605 1658 1784 1703 videbat,

283 1722 406 1759 armis
430 1723 646 1774 depositis,
673 1737 715 1761 se
738 1724 954 1769 reddiditc,
974 1733 1012 1762 et
1033 1724 1141 1762 ultro
1163 1724 1221 1761 uti
1244 1732 1361 1775 gesta
1376 1731 1491 1761 erant
1512 1723 1648 1760 omnia
1661 1736 1787 1774 appa-

284 1787 379 1824 ruit.
406 1787 626 1840 Principes
650 1788 769 1840 hujus
793 1788 1088 1841 conjurationis
1112 1791 1275 1827 fuerunt
1296 1789 1384 1826 isti:
1411 1788 1603 1840 Egidius,
1627 1788 1787 1839 primus

282 1853 390 1890 inter
411 1854 564 1891 amicos
587 1855 715 1906 regis,
740 1855 991 1899 Rainardus,
1017 1855 1266 1892 camerarius
1296 1853 1399 1906 erS,
1424 1853 1660 1900 Rainerius,
1677 1854 1785 1891 filius

280 1917 470 1956 Mainerii
494 1920 673 1965 comitis,
699 1919 814 1972 cujus
837 1935 936 1959 avus
955 1921 1169 1959 Ardradus
1186 1929 1328 1958 contra
1348 1920 1540 1958 Carolum
1562 1920 1785 1971 imperato-

279 1997 365 2021 rem
388 1983 691 2036 conjuraverat.
714 1987 895 2024 Fuerunt
916 1987 956 2024 in
979 2001 1026 2024 eo
1049 1987 1203 2024 scelere
1232 1987 1347 2024 multi
1388 1986 1455 2023 alii
1476 1986 1652 2033 nobiles,
1678 1985 1785 2023 inter

280 2063 384 2101 quos
403 2049 643 2097 Anselmus‚
664 2052 987 2090 Mediolanensis
1008 2053 1244 2104 episcopus,
1261 2052 1453 2090 Wlfadus
1477 2051 1784 2098 Cremonensis,

280 2115 534 2154 Theodulfus
556 2116 888 2155 Aurelianensis.
909 2119 1079 2156 Detecta
1099 2131 1197 2156 vero
1220 2119 1361 2156 fraude
1383 2127 1421 2156 et
1443 2116 1725 2169 conjuratione
1747 2125 1786 2154 et

280 2182 492 2220 seditiosis
515 2183 662 2234 captis,
688 2183 914 2234 imperator
934 2183 1189 2236 Aquisgrani
1209 2184 1446 2222 revertitur.
1479 2184 1786 2233 Transactoque

277 2248 621 2299 quadragesimali
640 2247 815 2300 jejunio,
833 2250 975 2301 paucis
999 2250 1145 2287 diebus
1161 2259 1257 2301 post
1276 2249 1450 2295 Pascha,
1473 2247 1660 2306 judicati
1686 2256 1787 2289 sunt

279 2320 510 2375 conjurato
526 2319 541 2341 ‘¹
574 2336 674 2361 cum
693 2337 798 2380 rege
813 2321 1042 2362 Bernardo
1059 2321 1293 2378 capitalem
1312 2320 1579 2363 sententiam
1597 2319 1780 2361 subiress.

278 2391 373 2432 Rex
388 2391 645 2432 Bernardus
669 2408 768 2433 cum
791 2392 1105 2450 impetereturf
1125 2403 1172 2435 ut
1200 2393 1340 2434 oculis
1376 2393 1643 2450 privaretur,
1679 2406 1782 2432 ense

279 2462 433 2504 stricto
457 2479 501 2504 se
519 2462 782 2514 defendens,
802 2464 999 2521 quinque
1016 2466 1289 2506 Francorum
1313 2463 1582 2506 fortissimos
1598 2461 1779 2513 occidit,

280 2543 322 2574 et
349 2534 461 2590 ipse,
494 2534 754 2576 vulneribus
777 2535 1023 2588 confessus,
1056 2546 1255 2578 mortuus
1279 2545 1359 2578 est.
1382 2535 1470 2577 Alii
1492 2543 1637 2576 autem
1661 2550 1786 2575 exor-

282 2605 373 2646 bati
398 2604 591 2647 suerunt.
618 2605 853 2658 Episcopos
877 2607 1052 2645 sinodali
1088 2608 1253 2646 decreto
1282 2607 1494 2659 depositos
1523 2605 1784 2644 monasteriis

325 2743 355 2779 z)
379 2742 414 2772 in
450 2741 617 2771 terminos
648 2741 690 2772 D.
710 2758 750 2764 —-
770 2741 803 2782 a)
833 2740 1018 2772 videbatur
1040 2742 1077 2777 Ε,
1104 2741 1145 2773 G.
1166 2759 1207 2765 —
1230 2741 1265 2779 b)
1288 2740 1463 2772 Desesssed
1491 2739 1527 2776 F,
1551 2738 1591 2771 G.
1606 2757 1649 2763 —-
1668 2738 1700 2778 c)
1731 2739 1786 2769 de-

283 2784 374 2814 didit
394 2785 435 2814 A.
457 2801 498 2807 -—-
530 2784 564 2823 d)
582 2782 729 2822 judicati
752 2787 832 2813 sunt
848 2783 885 2819 F,
902 2783 944 2816 G.
979 2802 1018 2806 -
1045 2785 1077 2822 e)
1093 2784 1294 2825 conjuratos
1317 2782 1505 2824 capitalem
1527 2781 1636 2822 jussit
1669 2780 1786 2811 subire

283 2825 495 2855 sententiam
517 2825 554 2861 E,
579 2825 614 2860 F,
639 2825 675 2858 G.
691 2842 730 2848 —-
755 2826 779 2865 s)
799 2825 1035 2865 imperaretur
1056 2826 1094 2862 D,
1113 2826 1150 2862 E,
1174 2826 1211 2862 F,
1235 2827 1280 2858 G.

1890 968 1900 995 Ἰ
