1908 3256
683 315 801 339 Lini-:n
835 315 1047 340 seccxncs
1550 312 1598 347 75)

106 414 328 457 pugnante,
351 406 532 444 Saxones
561 415 676 457 terga
703 404 892 443 vertuntk
933 413 970 442 et
1004 404 1147 442 Franci
1185 408 1361 444 victores
1403 410 1593 450 existunt.

107 472 333 522 ceciditque
357 472 411 508 ibi
436 471 650 509 multitudo
681 471 884 508 Saxonum
912 470 965 506 ita
999 478 1040 507 ut
1061 472 1176 520 pauci
1216 473 1306 522 suga
1340 474 1554 512 evaderent
1575 476 1595 512 ¹.

109 536 205 574 Inde
234 537 367 574 victor
396 536 606 587 gloriosus
636 549 706 573 rex
736 535 912 572 Karolus
943 535 1054 572 venit
1085 536 1132 572 ad
1175 536 1494 575 l'aerbrunnem.
1543 540 1598 577 lbi

106 601 253 639 iterum
274 600 486 653 conjunxit
508 601 731 638 exercitum
752 614 869 637 suum
892 607 930 637 et
952 613 1076 650 super
1098 600 1278 638 Saxones
1300 604 1434 653 pergit
1450 605 1498 641 ad
1527 605 1600 641 ssu—

106 667 214 703 vium
237 667 305 717 qui
327 666 479 704 dicitur
502 665 625 703 Hasa.
649 665 728 703 L'bi
748 665 855 702 bello
878 665 993 710 inito,
1012 665 1226 716 plusquam
1244 680 1313 704 sex
1336 668 1460 705 millia
1479 668 1599 707 Saxo-

106 745 201 769 num
223 732 462 770 ceciderunt
481 739 519 768 et
543 731 688 769 Franci
720 731 899 768 victores
928 730 1162 768 extiterunt.
1204 731 1299 769 Inde
1326 733 1497 771 domnus
1532 749 1601 772 rex

105 797 268 834 transiit
290 798 340 834 ad
359 796 520 834 Albiam
537 796 718 836 fluvium.
744 808 1019 846 reversusque
1055 803 1115 832 est
1152 796 1192 833 in
1223 796 1448 839 Franciam.
1491 808 1528 837 et
1562 800 1600 837 in

112 862 254 899 eodem
276 875 382 899 anno
402 861 502 899 obiit
519 863 623 899 bone
646 861 876 898 memorie¹¹¹
898 861 1044 897 domna
1081 860 1203 898 Berta
1225 863 1380 912 regina.
1419 864 1600 915 Cumque

107 941 178 964 rex
196 926 646 965 KarolusXVarmatiam
664 927 936 978 pervenisset,
962 926 1133 963 sociavit
1149 927 1226 963 sibi
1247 927 1286 964 in
1303 929 1599 967 matrimonium

108 994 297 1030 domnam
319 993 555 1030 Fastradam
581 993 764 1044 reginam
785 1000 822 1029 et
844 991 1063 1029 celebravit
1080 990 1260 1029 Natalem
1300 1001 1336 1030 et
1377 993 1532 1032 Pascha
1561 995 1600 1032 in

108 1057 322 1096 Aristallio
341 1058 451 1095 villa.

174 1128 212 1163 7.
232 1147 283 1152 -—-
303 1124 486 1162 Saxones
508 1125 653 1162 iterum
687 1123 886 1161 rebellant
914 1123 1035 1160 solito
1068 1137 1178 1161 more
1201 1133 1344 1162 etcum
1373 1126 1430 1163 eis
1469 1126 1601 1177 aliqua

108 1203 207 1241 pars
230 1189 471 1227 Fresonum.
498 1189 682 1227 Domnus
700 1189 816 1226 sortis
834 1202 904 1225 rex
928 1188 1102 1225 Karolus
1126 1203 1250 1240 super
1279 1190 1458 1227 Saxones
1497 1191 1602 1229 Hre-

110 1268 203 1291 num
228 1255 390 1292 transiit
411 1256 459 1292 ad
482 1255 669 1306 Lippiam
693 1263 729 1291 et
751 1255 947 1291 vastando
972 1254 1187 1290 Saxoniam
1207 1256 1420 1305 pervenitn
1445 1257 1493 1293 ad
1522 1256 1601 1293 llu-

113 1320 286 1358 euloin0.
307 1320 366 1357 lbi
387 1321 603 1358 consilium
620 1320 710 1357 iniit
725 1321 819 1371 quia
846 1320 968 1356 nimia
990 1320 1199 1357 inundatio
1227 1334 1419 1372 aquarum
1458 1330 1541 1359 erat
1561 1331 1602 1359 ut

108 1400 184 1437 per
202 1386 438 1437 Toringam,
470 1387 518 1423 de
552 1386 740 1423 orientali
772 1394 903 1436 parte,
933 1386 1128 1424 intrasset
1169 1401 1292 1438 super
1329 1387 1531 1425 Ostsalaos
1566 1397 1601 1425 et

108 1451 235 1487 filium
257 1464 372 1488 suum
396 1451 587 1488 Carolum
610 1450 720 1487 misit
743 1463 832 1487 cum
855 1463 981 1487 scara.
1002 1451 1079 1499 Qui
1096 1452 1276 1502 perrexit
1295 1466 1368 1503 per
1383 1453 1601 1504 Toringam

112 1529 244 1567 usque
269 1517 316 1553 ad
337 1516 501 1554 fluvium
522 1515 698 1559 Albiam,
721 1524 758 1553 et
776 1516 870 1553 inde
892 1517 941 1553 ad
960 1516 1208 1568 Stangful·d¹¹
1230 1526 1266 1554 et
1289 1518 1381 1555 inde
1409 1519 1455 1555 ad
1489 1519 1602 1556 Scai-

110 1582 224 1632 ningi
245 1596 252 1626 ;
271 1582 342 1627 ibi,
363 1582 495 1632 prelio
518 1583 636 1627 sacto,
655 1590 693 1618 et
712 1582 846 1618 victor
867 1581 1046 1618 existens
1070 1596 1159 1619 cum
1182 1583 1312 1633 gloria
1331 1596 1520 1621 reversus
1543 1593 1604 1621 est

113 1646 338 1693 Franciam,
361 1648 532 1685 dimisso
552 1648 591 1684 in
615 1647 790 1684 Saxonia
831 1647 978 1684 Carolo
1013 1648 1095 1685 filio
1127 1662 1215 1685 suo.
1258 1648 1470 1686 westfalai
1504 1663 1602 1687 xero

112 1722 471 1764 congregaverunt
493 1727 535 1750 se
555 1714 604 1750 ad
627 1713 828 1764 Lippiam.
856 1713 945 1761 Quo
965 1714 1118 1760 audito,
1151 1714 1256 1751 filius
1295 1715 1431 1751 domni
1464 1714 1601 1752 Karoli

113 1778 274 1816 obviam
298 1779 357 1816 eis
379 1780 552 1816 accessit
581 1792 669 1816 cum
699 1792 814 1815 scara
840 1792 926 1821 sua,
959 1788 997 1816 et
1015 1780 1115 1816 inito
1155 1779 1277 1824 bello,
1302 1780 1433 1817 victor
1473 1781 1602 1818 extitit

113 1842 284 1880 Carolus
303 1843 408 1880 filius
432 1844 569 1881 domni
592 1844 703 1895 regis
728 1843 882 1881 Karoli.
909 1844 1238 1895 Cecideruntque
1260 1845 1300 1881 in
1332 1859 1378 1882 eo
1396 1845 1527 1896 prelio
1555 1846 1602 1883 de

113 1907 341 1946 Saxonibus
362 1909 579 1960 plusquam
602 1917 758 1960 septem
782 1909 891 1946 milia
906 1909 1128 1947 hominum.
1149 1910 1320 1947 Carolus
1333 1924 1430 1947 vero
1449 1910 1602 1948 inlesus

111 1974 304 2011 remeavit
325 1975 375 2011 ad
389 1975 618 2026 genitorem
640 1988 756 2011 suum
774 1975 815 2011 in
837 1974 1103 2012 W'armatiam
1117 1975 1333 2012 civitatem.
1352 1975 1410 2012 lbi
1431 1976 1602 2013 domnus

112 2052 182 2076 rex
208 2038 381 2077 Karolus
418 2040 508 2077 iniit
539 2040 754 2077 consilium
783 2048 840 2086 ut,
871 2039 1015 2077 hiemis
1054 2048 1253 2091 tempore,
1290 2041 1366 2077 iter
1396 2049 1533 2092 ageret
1564 2041 1601 2077 in

113 2103 327 2142 Saxoniam
345 2106 453 2156 quod
472 2113 510 2142 et
527 2107 672 2143 factum
692 2114 766 2143 est.
782 2105 832 2143 Et
847 2105 1066 2143 celebravit
1083 2106 1261 2143 Natalem
1285 2106 1323 2143 in
1338 2106 1603 2157 Cidrioburgi

112 2183 237 2221 super
252 2170 415 2207 fluvium
431 2171 664 2208 Ambram‘l.
691 2170 788 2208 Inde
811 2171 952 2208 abiens
973 2171 1186 2209 Saxoniam
1208 2171 1393 2222 pervenit
1409 2185 1536 2222 usque
1555 2172 1602 2209 ad

114 2234 260 2279 Rimia,
285 2249 410 2286 super
432 2236 596 2273 fluvium
619 2235 804 2280 XVisora,
830 2237 898 2274 ubi
934 2237 1098 2274 confluit
1132 2236 1326 2281 Uei-ana,
1359 2245 1396 2273 et
1433 2246 1604 2288 propter

112 2300 256 2337 nimias
273 2301 560 2338 inundationes
579 2315 790 2352 aquarum,
810 2315 1002 2339 reversus
1019 2310 1079 2339 est
1096 2302 1135 2338 in
1152 2301 1433 2352 Arerburgum
1454 2310 1491 2338 et
1506 2316 1602 2339 uxo-

113 2379 197 2403 rem
229 2379 341 2403 suam
376 2367 563 2403 domnam
584 2366 818 2404 Fastradam
842 2368 1025 2418 reginam
1048 2381 1126 2404 una
1148 2381 1235 2404 cum
1264 2367 1358 2403 filiis
1382 2375 1418 2404 et
1445 2367 1602 2404 filiabus

113 2431 198 2468 suis
217 2432 266 2469 ad
287 2445 330 2469 se
351 2432 490 2469 venire
507 2430 647 2482 jussit.
671 2431 730 2469 Ibi
748 2440 831 2469 tota
848 2432 979 2469 hieme
1000 2433 1153 2469 resedit
1171 2441 1209 2469 et
1230 2432 1283 2468 ibi
1309 2431 1464 2469 Pascha
1496 2432 1603 2469 cele-

113 2497 258 2541 bravit,
281 2505 318 2534 et
337 2497 392 2534 ibi
426 2497 630 2541 residens,
654 2497 867 2535 multocies
890 2511 1026 2535 scaras
1049 2498 1158 2534 misit
1181 2508 1306 2548 super
1334 2498 1530 2537 Saxones,
1567 2506 1605 2534 et

113 2562 202 2613 ipse
218 2576 343 2613 super
358 2576 427 2600 eos
444 2562 682 2610 insurrexit,
701 2571 738 2600 et
755 2563 993 2614 depredavit
1013 2577 1098 2609 eos,
1116 2571 1153 2600 et
1173 2571 1303 2600 castra
1319 2576 1456 2599 eorum
1480 2563 1601 2613 cepit,

156 2721 190 2761 k)
206 2726 382 2753 verterunt
400 2723 434 2756 F.
453 2723 493 2755 G.
509 2741 549 2746 --
569 2723 592 2762 l)
607 2723 801 2753 evasissent
824 2725 860 2757 A,
880 2724 918 2757 D,
938 2724 972 2753 E.
990 2742 1030 2745 —
1046 2724 1092 2761 m)
1109 2723 1195 2751 bone
1212 2722 1374 2752 memorie
1394 2723 1486 2751 dees!
1505 2722 1538 2753 1³.
1555 2723 1595 2752 (ἕ.

113 2781 155 2834 ἶ·
173 2765 207 2834 πὸ)
232 2775 342 2834 υέεμιο
357 2765 395 2799 Ι),
419 2765 454 2799 F,
479 2766 518 2796 G.
541 2783 581 2787 —
600 2766 632 2805 o)
655 2765 815 2794 Luceloin
840 2764 874 2795 1⁴⁵.
897 2783 938 2787 -—
958 2765 992 2805 p)
1017 2764 1181 2794 Slcnsurd
1206 2764 1240 2797 Ε,
1260 2765 1293 2796 1⁴¹.
1312 2765 1350 2795 (ἰ.
1368 2782 1382 2785 -
1399 2783 1407 2784 ff
1427 2775 1446 2803 q
1477 2764 1602 2793 hnbru
