1908 3256
678 368 792 392 Limia
824 369 998 393 'ri-:irrics
1520 364 1589 398 115,

105 454 325 505 mancipari
338 453 478 505 jussit.
499 454 685 501 Ceteros,
702 465 822 506 prout
839 456 1012 506 quisque
1030 458 1241 494 nocentior
1254 459 1314 495 vel
1337 460 1592 498 innocentior

100 528 203 563 erat,
229 527 295 556 aut
317 518 437 556 exilio
460 519 668 569 deportari
691 529 757 557 aut
794 520 958 557 detondi
982 529 1018 558 et
1042 523 1258 560 monachos
1283 538 1372 561 esse
1397 527 1590 576 pret-epit.

103 583 177 621 His
200 583 344 635 gestis,
368 583 620 621 Britanniam
644 585 803 635 pergitg
826 594 863 622 et
885 586 1113 635 generalem
1134 597 1373 625 conventum
1400 589 1562 627 Venetis
1583 590 1595 611 '¹

101 649 252 686 habuit.
268 648 364 686 Inde
380 662 603 700 aggressus
618 650 884 696 Britanniam,
903 651 1195 688 munitionibus
1210 654 1352 703 captis,
1373 669 1455 690 eam
1477 663 1596 691 totam

104 715 182 752 sibi
205 713 438 766 subjugavit
460 728 540 752 non
564 729 709 765 magno
732 715 884 752 labore.
920 716 1017 753 Nam
1061 726 1275 768 postquam
1294 718 1598 761 XVioinarrlnis,

105 780 173 830 qui
206 779 450 817 tirannidem
481 780 727 823 vindicabat,
770 782 817 817 ab
858 781 1103 832 imperatore
1139 783 1302 819 occisus
1342 793 1416 826 cst,
1467 785 1600 821 nullus

106 845 294 882 inventus
323 852 383 882 est
420 845 488 895 qui
519 845 732 885 resisteret
768 854 834 883 aut
867 846 1063 898 imperata
1103 849 1234 885 faeere
1276 859 1480 886 renueret.
1517 849 1598 886 Ilav.

108 910 368 962 expeditione
418 910 631 962 completa,
682 910 915 963 Andegavis
966 926 1158 950 reversus
1200 922 1259 950 est
1306 914 1528 965 imperator
1566 924 1602 952 ct

107 975 403 1027 Ermengardis
425 976 581 1027 regina,
604 975 770 1027 conjuxi
795 975 897 1028 ejus,
916 990 1035 1028 quam
1055 978 1320 1028 proficiscens
1338 980 1392 1016 ibi
1415 988 1603 1029 egrotan-

108 1050 188 1078 tem
211 1041 434 1086 dimiserat,
459 1050 553 1092 post
574 1042 676 1079 duos
699 1041 785 1079 dies
809 1043 1006 1080 adventus
1029 1042 1116 1094 ejus
1139 1044 1252 1081 obiit.
1300 1044 1479 1095 Eelipsis
1507 1059 1602 1082 voro

107 1106 280 1158 contigit
301 1119 375 1144 vm
411 1107 500 1144 idus
517 1105 625 1158 julii.
651 1106 701 1144 Et
722 1107 959 1158 imperator,
983 1121 1057 1159 per
1076 1108 1348 1159 l‘totomagnm
1382 1118 1418 1146 et
1439 1109 1602 1146 Ambia-

104 1185 178 1209 nos
202 1180 240 1209 et
265 1171 526 1210 Camaracum
548 1172 799 1223 Aquisgrani
836 1186 1044 1219 reversuS,
1073 1188 1161 1211 cum
1198 1174 1378 1212 Eristalli
1405 1175 1598 1217 venisset,

107 1238 252 1275 obvios
275 1237 414 1275 habuit
452 1237 608 1289 legatos
646 1239 760 1275 ducis
801 1238 1186 1276 Beneventanorum
1220 1254 1307 1277 cum
1346 1241 1594 1277 muneribus.

106 1301 233 1340 Erant
272 1303 438 1341 aliarum
476 1304 656 1355 gentium
701 1304 836 1356 legati,
878 1304 1190 1350 Abodritorum,
1215 1313 1251 1342 et
1291 1305 1497 1355 Bornego,
1519 1305 1597 1341 dux

106 1368 310 1407 Canorum
333 1378 371 1407 et
384 1369 722 1416 Timotianorum,
744 1371 811 1421 qui
832 1384 964 1422 nuper
979 1385 999 1408 a
1013 1370 1207 1422 Bulgaris
1223 1371 1479 1408 desciverant
1497 1379 1533 1407 et
1550 1371 1596 1407 ad

105 1447 194 1471 enm
218 1448 261 1472 se
284 1435 787 1473 contulerant.Leudewiti
814 1450 990 1487 quoque,
1007 1436 1122 1473 ducis
1145 1435 1355 1473 Pannonie
1376 1435 1594 1476 inferioris,

104 1499 224 1550 legati
245 1509 359 1538 erant
379 1501 449 1546 ibi,
466 1509 503 1538 et
520 1499 683 1538 Cadelai
700 1501 859 1538 comitis
874 1510 911 1538 et
930 1501 1074 1548 Marci,
1096 1501 1264 1551 prefecti
1282 1499 1594 1551 Forojuliensis,

105 1579 207 1617 quos
230 1579 370 1604 omnes
392 1566 550 1604 auditos
570 1565 790 1603 honorifice
814 1567 980 1604 dimisit.

159 1633 195 1668 5.
237 1652 288 1658 —
322 1630 497 1668 Salomir
535 1631 684 1681 itaque,
709 1630 1001 1668 Abodritorum
1031 1644 1116 1676 rex,
1153 1632 1203 1667 ob
1242 1629 1355 1681 cujus
1388 1629 1594 1680 perfidiam

104 1695 378 1734 ulciscendam
397 1695 578 1733 Saxones
593 1704 631 1733 et
645 1696 865 1733 orientales
881 1696 1024 1733 Franci
1041 1696 1181 1733 eodem
1195 1709 1299 1733 anno
1312 1704 1422 1732 trans
1437 1694 1594 1732 Albiam

105 1761 220 1798 missi
244 1761 415 1807 fuerant,
439 1761 638 1799 adductus
667 1769 728 1798 est
759 1769 900 1812 captus
923 1762 972 1798 ad
994 1760 1242 1812 Aquisgrani
1265 1774 1286 1797 a
1314 1760 1449 1797 missis
1471 1759 1592 1810 impe-

105 1826 268 1872 ratoris,
288 1826 372 1877 qui,
396 1839 484 1864 cum
508 1835 769 1864 accusaretur
792 1826 926 1864 multis
947 1826 1184 1863 criminibus
1207 1839 1279 1863 nec
1302 1839 1344 1862 se
1367 1824 1432 1862 ille
1461 1825 1593 1861 ‹lesen-

105 1891 221 1930 derej
262 1899 420 1943 posset,
463 1892 583 1930 exilio
621 1893 943 1943 condempnatus
986 1900 1061 1938 est,
1092 1900 1129 1929 et
1158 1904 1328 1942 regnum
1363 1891 1494 1927 datum
1536 1898 1595 1926 est

106 1957 421 2009 Ceadrago,filio
434 1957 670 1995 Trasconis.
695 1957 891 1995 Similiter
908 1957 1046 2008 Lupus
1066 1957 1236 2003 wasco,
1256 1956 1427 2007 quicum
1446 1954 1594 1992 Beren-

105 2022 220 2074 gerio
261 2022 466 2060 Tolosano
501 2032 540 2061 et
569 2023 742 2061 VVarino
777 2022 974 2061 Arvernis
1011 2022 1227 2060 comitibus
1268 2021 1516 2065 conflixerat,
1558 2028 1596 2057 et

103 2087 240 2126 victisk
261 2089 425 2126 fratrem
447 2089 488 2125 in
510 2088 618 2126 bello
639 2088 885 2134 ammiserat,
909 2090 957 2125 ab
980 2088 1081 2139 ipsis
1105 2087 1319 2125 comitibus
1340 2086 1454 2123 valde
1482 2098 1593 2122 accu-

105 2162 232 2200 satus,
250 2167 340 2191 cum
360 2167 402 2191 se
424 2167 505 2191 non
521 2162 664 2205 posset
678 2167 870 2205 purgare,
889 2153 1008 2191 exilio
1026 2154 1239 2204 deputatus
1260 2160 1334 2189 est.
1361 2151 1594 2189 Conventus

103 2217 356 2270 Aquisgrani
375 2227 471 2270 post
491 2219 672 2256 Natalem
695 2219 859 2256 Domini
891 2218 1067 2263 habitus,
1092 2218 1131 2255 in
1155 2231 1234 2268 quo
1263 2217 1386 2254 multa
1418 2216 1466 2253 de
1489 2223 1591 2252 statu

105 2283 368 2322 ecclesiarum
391 2292 430 2322 et
449 2284 789 2322 monasteriorum
811 2284 997 2321 ordinata
1019 2291 1126 2321 sunt.
1146 2282 1325 2333 Legibus
1350 2281 1465 2319 etiam
1489 2280 1592 2330 capi-

105 2349 189 2386 tula
211 2349 384 2400 quedam
423 2350 733 2400 pernecessaria
764 2363 841 2400 que
876 2350 1057 2394 deerant,
1100 2347 1332 2398 conscripta
1377 2354 1413 2383 ct
1460 2345 1594 2382 addita

111 2422 223 2452 sunt.
275 2414 364 2462 Quo
409 2415 611 2466 peracto¹,
660 2414 896 2465 imperator,
940 2413 1137 2465 inspectis
1180 2411 1375 2450 nobilium
1420 2410 1592 2455 filiabus,

109 2477 250 2530 Welpi
274 2480 434 2517 comitis
456 2480 576 2517 filiam
598 2479 761 2517 nomine
793 2479 932 2518 Judith
969 2479 1081 2516 duxit
1108 2491 1288 2515 uxorem.
1339 2473 1597 2532 Imperatori

113 2548 203 2606 ipsi
221 2550 419 2606 porrexit
438 2550 599 2591 librum
615 2550 739 2591 valde
751 2550 997 2591 mirabilem
1014 2549 1066 2590 dc
1091 2547 1313 2606 theologia
1329 2554 1474 2587 sancte
1491 2545 1594 2585 Cru-

113 2619 177 2661 cis
207 2621 415 2662 Rabanus
443 2620 742 2680 Magnentius,
779 2620 1036 2670 monachus,
1070 2617 1350 2660 doctissimus
1390 2614 1597 2673 magister

114 2689 310 2732 Alcuini.
334 2691 452 2734 Beda
475 2691 591 2733 enirn
614 2690 763 2732 docuit
786 2689 1082 2748 Simplicium,
1108 2698 1150 2730 et
1180 2686 1433 2744 Simplicius
1461 2685 1596 2727 Raba-

156 2821 189 2859 ς)
220 2820 358 2862 peregit
380 2822 418 2857 A,
441 2821 479 2855 D,
506 2821 545 2852 E.
570 2839 610 2844 —
630 2821 664 2858 h)
686 2820 835 2851 Venetiis
857 2820 892 2854 F,
910 2820 951 2851 G.
980 2836 1016 2842 —
1045 2819 1070 2859 i)
1096 2818 1214 2859 conjus
1238 2818 1274 2848 A.
1301 2834 1337 2838 —
1367 2815 1394 2855 j)
1420 2825 1454 2844 se
1481 2813 1592 2843 desen·

110 2861 194 2893 dere
215 2863 252 2898 E,
271 2863 305 2899 F,
329 2863 370 2895 G.
389 2881 426 2885 —
448 2863 484 2902 k)
509 2862 620 2894 victus
642 2862 732 2899 D,E.
752 2879 790 2885 —
811 2862 837 2903 1)
860 2866 962 2903 pacto
978 2863 1015 2897 A,
1037 2861 1076 2892 D.
