1908 3256
304 306 377 341 186
822 320 1009 345 Anmmiu
1040 320 1281 346 CHRONICON

302 409 442 449 sancti
466 408 693 465 Eparchii.
731 410 786 451 Et
819 410 895 468 qui
936 412 1146 468 perjurus
1188 420 1341 453 contra
1382 412 1527 469 ipsum
1563 411 1660 464 fuit,
1704 422 1806 470 post

302 496 465 537 paucos
499 479 593 521 dies
634 497 656 522 a
695 481 915 532 Jossredo,
957 481 1048 523 filio
1090 482 1266 524 comitis
1303 483 1566 540 supradicti,
1598 484 1804 526 obviante

303 551 421 593 ferro
445 551 693 603 confossus,
733 553 923 594 animam
967 554 1060 595 sine
1104 569 1226 595 mora
1260 554 1460 612 reliquit.
1506 555 1665 597 Comes
1701 572 1806 597 vero

302 623 557 668 willelmus
587 639 685 665 cum
708 624 902 666 Alduino
926 625 1016 667 filio
1055 635 1250 667 castrum
1280 626 1355 668 diu
1385 626 1580 678 obsedit,
1616 636 1659 669 et
1686 627 1808 670 sorti-

304 705 372 738 ter
396 705 696 756 expugnatum
726 697 906 754 capiens
930 697 1167 749 destruxit,
1206 707 1248 740 et
1276 707 1378 756 post
1411 698 1598 741 multum
1630 708 1807 757 tempus

306 769 468 810 iterum
492 768 780 817 reedificavit,
809 778 851 811 et
874 769 964 811 filio
996 785 1076 812 suo
1097 770 1299 812 Josfredo
1324 771 1666 813 commendavit.
1687 771 1809 814 Guil-

305 840 463 881 lelmus
488 856 591 881 vero
613 840 860 883 vicecomes
880 842 1200 884 Martiliencis¹
1221 851 1263 884 et
1286 842 1421 885 frater
1453 844 1548 900 ejus
1572 843 1808 885 Odolricus

307 911 428 972 gravi
470 911 695 954 discordia
735 913 1026 956 decertabant
1079 931 1178 956 cum
1228 914 1439 966 Alduino,
1472 915 1607 957 fratre
1636 931 1806 967 eorum,

306 992 492 1041 propter
521 993 713 1026 castrum
734 985 964 1027 Rofiacum
989 987 1128 1029 multo
1149 996 1371 1044 tempore.
1409 987 1537 1029 Unde
1560 986 1723 1029 factum
1745 995 1812 1029 est

306 1065 353 1098 ut
382 1072 404 1097 a
426 1056 653 1099 W'illelmo
677 1057 838 1099 comite
862 1058 980 1100 inter
1004 1075 1049 1100 se
1086 1059 1445 1116 pacificarentur,
1487 1069 1530 1101 et
1565 1075 1719 1117 pacem
1747 1058 1810 1116 ip-

309 1145 398 1170 sam
434 1137 701 1186 pactumque
731 1130 1003 1172 conditionis
1045 1147 1178 1188 super
1212 1147 1375 1188 corpus
1417 1131 1559 1173 sancti
1598 1130 1812 1188 Eparchii

310 1199 455 1241 eidem
474 1200 694 1256 jurarent.
723 1201 852 1253 Quod
882 1201 999 1243 inter
1029 1218 1073 1243 se
1103 1202 1279 1243 mentiti
1303 1211 1344 1243 et
1367 1202 1568 1259 perjurio
1590 1201 1672 1253 rei,
1700 1202 1811 1243 alter

310 1281 541 1313 excecatus
571 1282 652 1321 est,
678 1272 753 1314 alii
784 1273 870 1315 duo
893 1274 1062 1316 honore
1083 1275 1204 1316 omni
1227 1275 1388 1332 privati
1413 1284 1530 1316 sunt.
1555 1276 1664 1317 Nam
1695 1273 1812 1318 Wil-

308 1343 466 1385 lelmus
490 1352 531 1384 et
555 1344 792 1386 Odolricus
827 1345 929 1387 dolo
963 1346 1017 1387 ad
1046 1363 1091 1387 se
1126 1355 1355 1388 evocatum
1392 1346 1635 1389 Alduinum
1668 1345 1812 1403 prima

310 1414 555 1457 ebdomada
584 1416 781 1458 Paschae
811 1417 855 1458 in
878 1417 1137 1469 traditione,
1164 1427 1401 1476 postquam
1437 1434 1536 1460 cum
1565 1418 1628 1460 eis
1657 1434 1812 1460 coena-

308 1496 431 1529 verat
466 1496 508 1528 et
543 1487 587 1528 in
623 1504 776 1529 eorum
816 1489 1014 1547 hospitio
1053 1490 1314 1538 dormierat,
1362 1500 1599 1548 antequam
1634 1506 1657 1532 a
1695 1491 1812 1533 lecto

310 1569 531 1620 surgeret,
557 1560 754 1617 capiunt,
787 1570 829 1603 et
857 1561 1055 1622 linguam
1089 1563 1128 1604 ei
1163 1572 1410 1620 amputant,
1437 1572 1480 1605 et
1501 1562 1680 1604 occulos
1709 1561 1813 1604 effo-

310 1632 453 1684 diunt,
480 1632 599 1674 etita
627 1633 856 1675 Rofiacum
888 1644 1171 1692 recuperant.
1208 1636 1458 1695 Regressus
1487 1634 1636 1692 itaque
1673 1635 1815 1676 Roma

309 1704 565 1749 W'illelmus
588 1721 753 1756 comes,
778 1715 945 1748 tantam
968 1706 1244 1764 impietatem
1269 1706 1495 1748 vindicare
1518 1705 1732 1748 decrevit.
1758 1707 1814 1747 Et

311 1776 451 1818 accito
475 1776 585 1818 duce
616 1778 862 1829 Willelmo,
901 1779 1199 1820 Martiliacum
1240 1778 1433 1829 obsedit,
1465 1777 1682 1820 desolavit
1709 1777 1813 1838 igne

312 1850 595 1899 comburens,
621 1859 663 1891 et
684 1850 979 1892 traditoribus
1007 1851 1140 1893 vitam
1173 1860 1215 1892 et
1246 1852 1444 1892 membra
1472 1849 1710 1901 concessit,
1737 1848 1815 1891 sed

313 1937 387 1963 eos
410 1921 530 1962 omni
559 1922 728 1963 honore
753 1922 956 1979 privavit,
990 1932 1032 1965 et
1053 1923 1248 1965 Alduino
1271 1922 1484 1964 caecitate
1516 1921 1701 1964 multato
1723 1922 1814 1964 Ro-

312 1993 470 2034 fiacum
504 1993 742 2035 concessit.
786 1995 841 2036 Et
881 2004 981 2052 post
1023 1995 1193 2052 aliquot
1231 2011 1387 2046 annOS,
1432 1995 1620 2052 jubente
1657 1993 1814 2035 eodem

315 2065 493 2115 comite,
525 2065 762 2117 Alduinus,
805 2066 922 2108 filius
970 2068 1081 2124 ejus,
1124 2067 1423 2109 Martiliacum
1457 2064 1733 2108 reedificavit
1773 2073 1817 2106 et

314 2137 368 2179 ad
391 2153 516 2179 suum
539 2153 650 2194 opus
666 2139 865 2181 retinuit.
888 2139 1009 2180 Idem
1023 2156 1199 2198 quoque
1216 2138 1450 2192 Alduinus,
1467 2138 1654 2196 jubente
1670 2145 1813 2195 patre,

316 2208 638 2251 Montiniacum
667 2219 859 2252 castrum
882 2227 904 2252 a
925 2227 1037 2253 novo
1065 2211 1274 2253 extruxit.

381 2282 449 2325 61.
483 2308 541 2313 —-
576 2283 672 2335 Quo
701 2291 902 2341 tempore
934 2283 1021 2325 duo
1064 2283 1270 2325 monachi
1313 2282 1465 2326 Sancti
1504 2280 1729 2323 Marcialis
1766 2295 1818 2321 ex

321 2354 611 2411 primoribus,
637 2355 761 2397 valde
796 2355 1016 2416 religione
1055 2355 1302 2413 conspicui,
1340 2354 1572 2397 sanctitate
1607 2350 1816 2410 preclari,

323 2427 542 2484 sapientia
574 2428 774 2489 fulgidi³‚
797 2427 873 2485 qui
906 2444 950 2469 se
984 2428 1174 2470 invicem
1198 2444 1303 2486 prae
1327 2427 1534 2470 omnibus
1551 2425 1816 2485 diligebant,

327 2509 370 2542 et
397 2516 527 2542 omne
551 2501 870 2543 monasterium
894 2500 1004 2542 duae
1027 2500 1292 2559 columpnae
1316 2500 1612 2550 sustinebant,
1638 2506 1681 2539 et
1699 2495 1820 2538 velut

360 2644 383 2683 i)
406 2645 605 2675 sacerdocio
638 2644 819 2675 sublimati
848 2644 934 2675 add.
965 2644 1002 2676 C.

366 2828 395 2858 1.
420 2827 462 2858 V.
489 2837 532 2856 au
556 2826 660 2867 chap.
682 2827 721 2856 20
742 2824 928 2855 l‘addition
949 2824 990 2854 de
1011 2823 1048 2855 C.
