1908 3256
303 307 352 343 82
823 317 1008 342 ADEMAm
1047 317 1286 342 cunomcoxv

301 407 480 450 vitatem
500 413 532 459 ¹¹,
558 407 812 465 precipiens
841 407 893 448 de
910 406 1116 448 omnibus
1142 405 1393 448 civitatibus
1421 406 1608 448 Francie
1638 406 1794 465 magis-

301 488 393 522 tros
411 479 528 521 scole
551 477 886 536 antiphonarios
904 478 966 520 eis
990 477 1043 519 ad
1059 477 1374 538 corrigendum
1397 478 1573 519 tradere
1601 487 1642 519 et
1665 479 1718 519 ab
1735 477 1798 519 eis

302 550 472 593 discere
490 560 681 593 eantare.
703 550 926 593 Correcti⁰
948 559 1050 592 sunt
1072 566 1178 610 ergo
1201 550 1502 607 antiphonarii
1524 551 1797 592 Francorum

302 639 412 680 quos
434 623 739 681 unusquisque
762 639 842 680 pro
864 622 1050 664 arbitrio
1067 638 1144 664 suo
1166 622 1402 664 viciaverat
1431 622 1499 663 vel
1528 621 1695 663 addens
1728 621 1797 663 vel

302 695 504 737 minuens
520 713 529 746 3
556 703 598 736 et
614 710 767 736 omnes
781 693 965 736 Francie
983 703 1185 736 cantores
1201 693 1457 735 didicerunt
1473 702 1621 735 notam
1640 694 1798 735 Roma-

302 783 401 808 nam
418 783 548 824 quam
577 782 694 808 nunc
728 775 884 808 vocant
902 766 1200 817 Franciscam,
1232 775 1418 823 excepto
1441 765 1560 823 quod
1586 765 1798 807 tremulas

300 837 368 880 vel
390 838 618 880 vinnolasp
634 837 723 879 sive
741 837 1001 879 collisibiles
1017 838 1084 879 vel
1108 837 1322 879 secabiles
1344 853 1473 878 voces
1490 837 1535 878 in
1558 845 1688 878 cantu
1710 852 1798 877 non

299 919 506 966 poterant
528 910 724 967 perfecte
748 909 998 967 exprimere
1025 910 1200 960 Franci,
1222 909 1412 951 naturali
1433 925 1539 951 voce
1567 908 1797 950 barbarica

299 982 555 1042 frangentes
578 982 623 1023 in
647 990 824 1041 gutture
842 998 970 1023 voces
993 981 1147 1038 pocius
1170 997 1300 1039 quam
1317 980 1634 1038 exprimentes.
1655 981 1798 1037 Majus

299 1062 445 1096 autem
474 1052 779 1114 magisterium
816 1052 1024 1094 cantandi
1051 1053 1096 1094 in
1137 1053 1268 1094 Metis
1289 1063 1304 1085 ‘1
1333 1052 1509 1094 civitate
1553 1051 1795 1104 remansit3

299 1134 601 1183 quantumque
624 1124 929 1185 magisterium
946 1126 1193 1166 Romanum
1216 1133 1396 1182 superat
1416 1125 1616 1167 Metense
1638 1124 1683 1165 in
1705 1132 1797 1165 arte

299 1196 535 1248 cantilene,
569 1205 692 1238 tanto
728 1205 909 1253 superat
936 1195 1151 1238 Metensis
1185 1195 1407 1238 cantilena
1453 1204 1622 1238 ceteras
1657 1195 1797 1237 scolas

300 1269 543 1311 Gallorum.
573 1268 792 1311 Similiter
821 1268 1082 1310 erudierunt
1116 1268 1305 1309 Romani
1327 1276 1530 1310 cantores
1553 1266 1797 1325 supradicti

298 1350 500 1382 cantores
516 1342 788 1382 Francorum
805 1340 850 1382 in
867 1349 958 1382 arte
983 1340 1243 1400 organandi.
1270 1341 1326 1382 Et
1342 1340 1530 1382 domnus
1558 1355 1636 1381 rex
1662 1341 1797 1381 Karo-

296 1413 362 1454 lus
385 1413 546 1454 iterum
585 1429 607 1454 a
641 1414 780 1455 Roma
810 1412 916 1454 artis
953 1412 1239 1473 grammatice
1275 1421 1319 1454 et
1353 1411 1676 1470 computatorie
1711 1427 1796 1453 ma·

298 1484 487 1544 gistrosr
533 1500 682 1526 secum
742 1484 925 1526 adduxit
961 1484 1006 1526 in
1046 1485 1279 1527 Franciam
1320 1493 1363 1526 et
1403 1484 1568 1542 ubique
1599 1483 1794 1526 studium

295 1556 544 1598 litterarum
580 1555 831 1613 expandere
885 1556 1035 1613 jussit.
1074 1556 1189 1599 Ante
1230 1556 1375 1614 ipsum
1423 1555 1541 1598 enim
1583 1555 1794 1597 domnum

295 1643 447 1687 regem
479 1628 715 1670 Karolum⁵
749 1627 794 1669 in
818 1628 962 1670 Gallia
984 1629 1154 1670 nullum
1190 1628 1385 1670 studium
1425 1627 1508 1670 fuit
1540 1627 1795 1670 liberalium

295 1699 478 1741 arcium.
536 1701 622 1741 Per
679 1699 800 1757 ipsos
855 1700 950 1742 dies
1001 1701 1171 1743 Pasche
1223 1709 1441 1743 venerunt
1497 1701 1683 1742 Romam
1741 1699 1795 1741 ad

294 1772 505 1814 domnum
527 1771 779 1829 piissimum
802 1788 954 1832 regem
990 1773 1196 1814 Carolum
1232 1772 1355 1814 missi
1373 1771 1619 1814 Tassilonis
1648 1771 1791 1820 ducis,

294 1842 515 1894 episcopus
553 1842 740 1881 Isarnust
761 1852 800 1881 et
821 1844 946 1881 abbas
971 1843 1166 1890 Unrieus‚
1197 1844 1484 1896 petieruntque
1506 1843 1794 1895 Apostolicum

293 1916 336 1945 ut
356 1921 498 1960 pacem
525 1909 676 1947 faceret
702 1909 808 1947 inter
834 1910 1027 1947 domnum
1055 1923 1193 1961 regem
1232 1909 1427 1948 Karolum
1451 1918 1489 1948 et
1516 1909 1791 1956 Tassilonem,

293 1973 435 2011 ducem
458 1972 758 2026 Bajoariorum.
783 1974 835 2013 Et
853 1976 1027 2013 domnus
1044 1975 1310 2027 Apostolicus
1333 1975 1503 2014 multum
1529 1989 1572 2013 se
1607 1975 1792 2027 interpo-

293 2039 373 2077 suit
403 2040 650 2091 postulando
682 2040 914 2092 piissimum
953 2054 1107 2093 regem.
1150 2040 1225 2079 Cui
1265 2042 1356 2093 ipse
1390 2041 1607 2093 respondit
1640 2041 1714 2078 hoc
1750 2055 1792 2078 se

291 2105 472 2143 voluisse
501 2115 538 2144 et
568 2120 643 2158 per
674 2106 798 2144 multa
835 2115 1021 2158 tempora
1057 2107 1291 2158 quesisse¹¹‚
1329 2116 1368 2146 et
1401 2107 1566 2145 minime
1605 2107 1790 2144 invenire

291 2171 493 2222 potuisse,
519 2180 557 2210 et
574 2173 809 2223 preferebat
831 2172 964 2210 statim
993 2173 1094 2210 fieri.
1129 2173 1350 2224 Voluitque
1381 2187 1475 2212 mox
1507 2174 1548 2211 in
1583 2173 1793 2224 presentia

290 2249 395 2288 pape
418 2251 507 2275 cum
529 2238 633 2289 ipsis
671 2238 809 2276 missis
835 2251 975 2289 pacem
997 2239 1173 2285 firmare,
1192 2247 1230 2277 et
1251 2239 1518 2277 renuentibus
1544 2238 1682 2276 missis
1699 2239 1793 2290 quia

291 2315 372 2339 non
400 2303 487 2340 ausi
522 2303 697 2341 fuissent
731 2304 779 2341 de
820 2302 906 2354 ejus
942 2312 1056 2355 parte
1091 2304 1213 2341 ullam
1253 2305 1483 2342 firmitatem
1519 2305 1664 2350 facere,
1701 2317 1790 2341 eum

291 2368 555 2419 cognovisset
576 2368 844 2420 Apostolicus
893 2369 1200 2407 instabilitatem
1244 2378 1282 2408 et
1316 2370 1595 2408 mendacium*
1632 2383 1788 2415 eorum,

290 2433 500 2471 anathema
512 2434 651 2485 posuit
668 2448 793 2485 supra
808 2435 952 2472 ducem
972 2449 1110 2473 eorum
1122 2436 1186 2473 vel
1203 2450 1299 2474 suos
1314 2444 1628 2482 consentaneos,
1647 2435 1681 2473 si
1700 2435 1789 2487 ipse

290 2499 371 2536 dux
393 2508 645 2537 sacramenta
664 2514 741 2551 que
764 2501 1011 2551 promiserat
1032 2501 1181 2553 Pipino
1203 2502 1291 2554 regi
1314 2511 1352 2540 et
1367 2503 1515 2540 domno
1532 2501 1683 2539 Karolo
1700 2501 1789 2552 regi

289 2577 370 2602 non
392 2564 674 2615 adimplesset.
697 2564 750 2604 Et
765 2566 992 2604 obtestatus
1015 2575 1076 2604 est
1092 2567 1353 2618 supradictos
1376 2567 1526 2605 missos
1548 2574 1591 2604 ut
1631 2573 1788 2619 contes-

332 2731 367 2768 n)
384 2729 524 2761 civitate
540 2730 576 2763 F.
601 2731 640 2762 G.
664 2749 705 2754 -—
724 2731 756 2769 o)
777 2732 928 2773 correpti
944 2733 981 2768 E,
1005 2733 1042 2767 F,
1059 2732 1099 2764 G.
1122 2751 1163 2756 —-
1176 2733 1213 2774 p)
1234 2733 1397 2764 vinnulas
1414 2733 1454 2765 G.
1477 2751 1518 2756 —
1538 2733 1572 2774 q)
1587 2733 1731 2764 Metensi
1750 2732 1784 2763 E.

290 2789 331 2795 —
344 2772 373 2811 r)
403 2772 568 2802 maistres
585 2774 674 2803 A.—
688 2774 717 2812 s)
739 2774 905 2804 domnum
927 2785 1043 2814 regem
1066 2775 1231 2806 Karolum
1252 2775 1346 2805 deest
1361 2776 1398 2811 E,
1416 2776 1451 2811 F,
1464 2774 1504 2807 G.
1517 2793 1559 2797 ——
1571 2777 1596 2815 t)
1618 2775 1785 2805 Isnardus

288 2813 326 2849 F,
349 2814 388 2844 G.
406 2831 445 2836 —
458 2820 493 2854 u)
510 2818 543 2844 et
563 2825 625 2854 per
641 2815 751 2845 multa
766 2820 924 2857 tempora
941 2817 1098 2856 quesisse
1113 2817 1206 2847 deest
1228 2817 1264 2849 E.
1276 2817 1315 2848 G.
1335 2834 1373 2840 —
1389 2818 1421 2858 v)
1437 2816 1615 2847 mendatia
1631 2817 1667 2853 Ε,
1684 2816 1720 2852 F,
1743 2817 1782 2848 G.
