1908 3256
326 286 374 323 22
847 292 1034 319 Anmmni
1067 291 1307 317 CHRONICON

323 387 564 439 appellatus.
596 385 772 424 Turonis
804 392 934 421 autem
967 396 1176 434 egressus,
1202 382 1388 420 Parisius
1411 382 1614 421 civitatem
1632 383 1821 431 veniens,

324 454 379 491 ibi
402 453 539 490 sedem
561 452 678 503 regni
701 451 762 488 sui
783 449 1011 488 constituit.

378 521 439 557 17.
471 540 521 546 —-
549 517 706 554 Deinde
739 523 966 553 commotus
1004 522 1065 551 est
1093 521 1235 551 contra
1267 514 1568 566 Regnacarium
1603 522 1817 566 parentem

325 598 454 621 suum.
490 583 586 620 Erat
619 590 749 619 autem
772 582 859 632 ipse
884 579 1162 631 Regnacarius
1192 580 1299 630 apud
1316 579 1579 618 Camaracum
1601 580 1822 628 civitatem,

324 649 539 687 effrenisin
560 648 732 692 luxuria;
750 647 920 684 habebat
933 659 1095 697 quoque
1115 645 1395 683 consiliarium
1408 646 1573 684 nomine
1590 645 1824 694 Faronemd,

325 715 447 753 simili
470 714 674 766 spurcicia
689 713 939 750 luculentum
1012 710 1114 748 Cum
1135 711 1242 748 enim
1265 711 1421 763 aliquid
1443 711 1625 749 muneris
1644 720 1712 750 aut
1746 712 1826 750 cibi

325 781 359 818 ei
379 781 650 825 deferebatur,
671 779 831 816 dicebat
854 793 859 814 :
896 793 912 812 «
939 776 1029 814 Sint
1052 777 1130 814 ista
1161 776 1257 814 mihi
1285 785 1323 815 et
1357 777 1596 815 consiliario
1634 790 1724 816 meo
1750 777 1828 816 Fa-

327 847 466 884 «roni.
488 862 504 880 »
528 845 610 883 Pro
624 858 703 896 qua
723 856 843 882 causa
860 842 1063 894 indignati
1082 842 1228 880 Franci
1244 843 1439 895 quierant
1458 857 1547 881 cum
1566 857 1629 891 eo,
1648 856 1825 881 consen-

325 913 484 950 ciebant
504 911 728 957 Clodoveo‚
754 917 1058 948 commoventes
1079 922 1168 946 eum
1190 909 1388 948 adversus
1402 909 1717 961 Regnacarium.
1739 909 1825 948 De-

325 979 464 1028 ditque
495 977 553 1014 eis
577 976 810 1014 Clodoveus
835 988 911 1026 pro
935 974 1008 1011 hac
1038 987 1158 1012 causa
1184 975 1362 1013 bratteas
1383 983 1422 1013 et
1446 975 1625 1013 armillas
1661 975 1826 1013 assimi—

324 1044 423 1081 latas
447 1043 495 1080 de
511 1041 646 1087 sauro,
660 1042 732 1078 sed
744 1041 906 1078 deintus
922 1053 1084 1077 eramen
1099 1053 1269 1092 cuprum
1281 1046 1294 1069 g
1315 1048 1399 1079 erat
1415 1049 1453 1078 et
1471 1041 1570 1079 foris
1586 1042 1822 1079 deauratum

328 1109 497 1147 subdole
521 1110 681 1154 factum,
705 1121 781 1158 pro
802 1120 970 1144 munere
993 1106 1182 1144 leudibus
1202 1105 1217 1127 ¹¹
1238 1106 1498 1159 Regnacarii,
1513 1107 1690 1159 qualiter
1701 1120 1831 1159 super

326 1176 459 1226 ipsum
473 1174 692 1211 invitarent
706 1186 811 1210 eum.
831 1172 1046 1210 Commoto
1065 1172 1213 1210 deinde
1228 1171 1461 1210 Clodoveus
1478 1173 1674 1220 exercitu,
1690 1180 1832 1211 contra

329 1240 627 1292 Regnacarium
648 1247 862 1290 parentem
895 1251 1012 1276 suum
1032 1238 1091 1275 ire
1113 1238 1333 1290 disposuit.
1358 1238 1474 1276 Misit
1494 1251 1594 1290 ergo
1616 1238 1830 1290 Regnaca-

329 1307 413 1344 rius
428 1306 708 1357 speculatores
725 1305 773 1342 ad
791 1304 1139 1356 cognoscendum,
1157 1303 1419 1356 interrogans
1439 1303 1554 1355 cujus
1573 1312 1683 1342 esset
1700 1303 1830 1343 hostis

330 1370 470 1423 major.
498 1372 576 1420 Qui
591 1372 896 1422 responderunt
915 1371 1164 1409 mencientes
1187 1387 1194 1407 z
1219 1387 1236 1406 «
1253 1371 1345 1409 Tibi
1359 1379 1420 1409 est
1442 1371 1588 1409 fortior
1606 1379 1645 1409 et
1662 1379 1733 1410 tuo
1753 1370 1831 1409 Fa-

333 1455 349 1472 «
384 1438 474 1475 roni
505 1437 756 1475 consiliario.
785 1452 801 1472 ›>
826 1437 1096 1475 Venientibus
1117 1445 1249 1475 autem
1272 1436 1483 1476 Clodoveo
1514 1445 1554 1475 et
1574 1437 1830 1489 Regnacario

330 1505 380 1541 ad
401 1516 595 1555 pugnam,
621 1503 862 1554 fortiterque
884 1503 992 1541 inter
1013 1517 1055 1541 se
1077 1503 1365 1555 preliantibus,
1389 1502 1671 1556 Regnacarius
1693 1515 1830 1541 cesum

331 1583 506 1607 cernens
529 1569 751 1607 exercitum
780 1583 896 1607 suum
917 1570 1058 1621 sugere
1086 1569 1244 1607 nititur.
1267 1568 1349 1607 Sed
1371 1570 1419 1606 ab
1437 1569 1541 1621 ipsis
1561 1568 1831 1607 traditoribus

334 1635 671 1687 comprehensus,
694 1635 831 1687 ligatis
857 1649 878 1673 a
907 1643 1025 1687 tergo
1048 1636 1249 1681 manibus,
1273 1648 1353 1673 una
1374 1634 1686 1682 cum-Ricarioi,
1709 1635 1832 1673 fratre

334 1715 422 1747 suo,
449 1700 657 1739 Clodoveo
671 1709 946 1752 presentatur.
974 1701 1048 1739 Cui
1071 1701 1172 1739 dixit
1188 1700 1421 1739 Clodoveus
1447 1716 1454 1738 :
1483 1717 1500 1736 «
1522 1701 1606 1739 Cur
1626 1700 1831 1738 humilias-

334 1784 349 1802 «
386 1767 414 1804 ti
428 1775 588 1818 gentem
611 1775 791 1805 nostram
814 1776 855 1805 ut
877 1776 914 1805 te
934 1767 1099 1805 vincere
1120 1768 1410 1819 permitteres?
1432 1767 1576 1805 Nonne
1599 1766 1743 1804 melius
1757 1766 1830 1804 tibi

334 1850 349 1867 ι(
373 1834 497 1870 fuerat
522 1833 654 1870 mori?
674 1848 690 1869 ›)
722 1833 771 1870 Et
803 1834 955 1870 elevata
977 1834 1154 1885 bipenne
1178 1834 1217 1871 in
1243 1835 1372 1885 capud
1394 1832 1480 1885 ejus
1510 1847 1595 1870 eam
1617 1832 1770 1879 defixit,
1793 1840 1833 1869 et

331 1907 512 1935 mortuus
535 1908 609 1937 est.
636 1899 687 1936 Et
706 1913 932 1937 conversus
952 1901 1000 1936 ad
1029 1901 1192 1937 fratrem
1217 1898 1320 1952 ejus,
1349 1899 1401 1937 ait
1431 1915 1473 1936 2«
1505 1899 1548 1937 Si
1568 1907 1611 1936 tu
1642 1898 1830 1936 solatium

333 1981 348 1999 α
373 1965 484 2001 fratri
500 1973 567 2002 tuo
590 1965 845 2016 prebuisses‚
867 1965 932 2002 ille
950 1966 1098 2017 ligatus
1118 1979 1198 2003 non
1213 1966 1370 2003 fuisset.
1387 1981 1403 1999 ³>
1429 1965 1628 2003 Similiter
1643 1972 1681 2002 et
1695 1964 1830 2016 ipsum

329 2030 369 2066 in
394 2031 522 2081 capite
552 2044 794 2081 percussum
826 2031 1029 2068 interfecit
1052 2040 1090 2069 et
1112 2040 1297 2069 mortuus
1329 2040 1402 2069 est.
1436 2031 1537 2069 Post
1556 2038 1728 2068 mortem
1758 2042 1829 2067 eo-

330 2109 432 2138 rum,
457 2105 754 2147 cognoscentes
793 2097 1013 2134 traditores
1036 2111 1175 2135 eorum
1199 2111 1340 2136 aurum
1363 2098 1472 2149 quod
1493 2110 1518 2135 a·
1537 2096 1748 2135 Clodoveo
1767 2109 1828 2133 ac-

329 2170 519 2212 ceperant
538 2175 628 2199 esse
646 2162 851 2208 viciatum,
874 2163 1064 2200 dixerunt
1086 2163 1161 2201 hoc
1179 2164 1282 2215 regi.
1302 2164 1390 2201 Rex
1406 2171 1537 2200 autem
1552 2162 1827 2214 respondens,

329 2226 427 2263 dixit
447 2227 526 2262 eis:
557 2244 572 2261 α
598 2227 745 2264 Merito
769 2228 846 2265 tale
871 2242 1011 2265 aurum
1034 2229 1367 2280 debetaccipere,
1393 2229 1461 2280 qui
1475 2228 1688 2266 dominum
1711 2240 1828 2265 suum

332 2308 347 2325 a.
381 2293 430 2329 ad
453 2300 622 2329 mortem
655 2294 791 2330 tradit.
836 2294 1017 2330 Sufficiat
1059 2295 1171 2332 vobis
1209 2295 1330 2332 vitam
1366 2294 1647 2332 tantummodo
1677 2292 1826 2331 habere

332 2374 347 2391 «
383 2371 633 2404 concessam,
673 2372 721 2396 ne
754 2359 860 2396 inter
881 2368 1083 2397 tormenta
1105 2360 1315 2398 deficiatis.
1341 2376 1358 2395 2)
1384 2360 1462 2406 Illi,
1486 2359 1560 2397 hec
1595 2359 1826 2404 audientes,

327 2423 497 2473 gratiani
516 2432 553 2460 et
576 2424 696 2461 vitam
719 2424 976 2463 solummodo
999 2433 1185 2476 optantes
1207 2425 1356 2464 habere
1377 2426 1562 2477 adeptam
1588 2424 1822 2476 cupiebant,

328 2488 404 2524 sibi
428 2489 612 2526 sufficere
645 2489 827 2527 dicentes
850 2490 885 2526 ei
913 2490 1078 2542 gratias.
1106 2491 1286 2529 Fuerunt
1307 2490 1544 2543 supradicto
1566 2488 1826 2542 Regnacario

328 2562 520 2604 parentes
540 2568 713 2605 quorum
737 2556 858 2593 frater
882 2556 953 2593 suit
974 2556 1236 2608 Regnemiris
1250 2557 1413 2595 nomine
1432 2556 1539 2608 apud
1554 2554 1828 2594 Cinomannis

327 2619 545 2665 civitatem,
570 2620 654 2670 qui,
675 2619 843 2671 jubente
876 2621 1085 2659 Clodoveo
1112 2635 1224 2674 rege,
1258 2622 1496 2660 interfectus
1519 2620 1527 2649 J'
1565 2629 1642 2659 est.
1670 2611 1827 2669 Quibus

369 2767 403 2807 d)
425 2767 618 2798 Pharonem
639 2768 674 2804 F,
691 2768 819 2807 G.—e)
839 2769 1059 2800 lutulentum.
1083 2771 1226 2803 A.D.-
1246 2772 1270 2811 f)
1287 2771 1328 2801 de
1348 2770 1442 2801 deest
1456 2771 1491 2805 F,
1515 2770 1554 2801 G.
1576 2788 1617 2792 —
1638 2770 1674 2811 g)
1687 2769 1826 2811 ciprum

328 2810 364 2839 A.
388 2809 425 2843 D,
450 2809 485 2838 E.
509 2827 549 2831 ——
578 2809 611 2849 h)
634 2810 745 2840 leudis
774 2811 808 2842 F,
833 2810 871 2841 G.
889 2829 929 2834 —
950 2810 973 2852 i)
997 2811 1158 2842 Richario
1180 2813 1215 2845 F,
1239 2812 1277 2843 G.
1300 2830 1342 2836 ·-
1358 2812 1385 2852 j)
1407 2812 1637 2853 interemptus
1658 2811 1694 2848 F,
1723 2811 1763 2842 G.
