1908 3256
666 322 782 347 [anien
816 323 1027 348 Si-:ccxncs
1544 322 1592 356 Of}

103 410 265 462 fatigata
284 418 322 447 et
342 410 432 461 ipsa
453 410 493 447 in
515 411 764 448 deditionem
779 412 903 457 venit,
928 413 1237 464 presidiumque
1267 415 1515 454 Francorum
1552 420 1590 456 in

104 488 149 513 ea
169 475 347 526 positum
371 483 446 513 est.
470 474 696 526 Imperator
719 477 859 514 estatis
882 485 1065 528 tempore
1089 479 1127 515 in
1145 478 1337 516 Ardenna
1353 483 1593 520 venatibus⁰

103 540 295 592 operamd
318 541 442 586 dedit,
463 549 500 578 et
541 541 666 578 misso
690 541 894 579 Saxonum
916 543 1444 587 exercitu,'l'ransalbianos
1469 548 1590 584 Saxo-

103 620 175 644 nes
208 607 395 644 vastavit.
418 605 530 644 Tunc
551 605 804 652 Grimaldus,
832 607 1210 646 Beneventanorum
1240 611 1334 649 dux,
1355 611 1392 648 in
1423 612 1593 650 Luceria

103 672 372 723 VVinigisum,
398 672 583 709 comitem
627 672 814 723 Spoletii.
839 674 907 723 qui
942 674 1124 724 presidio
1161 675 1386 725 prelie1·at‘³‚
1424 679 1593 715 adversa

103 738 334 775 valetudine
359 738 582 789 fatigatum,
607 739 768 775 obsedit
791 747 827 776 et
850 739 942 776 inde
959 740 1205 776 deditionem
1222 742 1390 792 aceepit,
1413 753 1592 794 captum-

104 817 182 854 que
209 803 428 840 honorifice
452 803 603 858 habu-it.
625 803 675 840 Et
698 804 920 854 imperator
941 803 1071 854 Aquis
1092 804 1272 842 Natalem
1298 806 1462 844 Domini
1486 810 1594 845 celv-

105 869 249 906 bravit.
278 868 370 919 Ipsa
405 868 552 914 bieme,
579 869 686 906 circa
710 870 842 920 ipsum
877 869 1068 920 palatium
1105 878 1141 907 et
1181 871 1371 908 finitimas
1407 874 1596 923 regiones

103 943 210 972 terre
233 943 366 972 motus
384 936 526 981 sactuS,
551 943 589 972 et
608 935 832 973 mortalitas
850 936 1069 972 subsecuta
1085 943 1159 972 est.
1179 935 1415 985 NYinigisus
1444 952 1464 974 a
1499 938 1593 976 Gri-

105 1000 236 1037 maldo
258 1001 442 1038 redditus
466 1009 541 1047 est,
560 1009 598 1039 et
618 1001 731 1038 missi
757 1001 893 1038 domni
928 1001 1188 1051 imperatoris
1225 1002 1272 1039 de
1303 1002 1594 1041 Constantino-

102 1065 186 1116 poli
203 1066 360 1104 reversi
379 1075 486 1113 sunt,
504 1075 541 1104 et
562 1075 763 1105 venerunt
781 1080 869 1104 cum
887 1066 945 1104 eis
964 1066 1084 1117 legati
1111 1066 1317 1104 Nichefori
1337 1068 1594 1119 imperatoris

103 1132 172 1182 qui
192 1140 285 1170 tunc
317 1133 609 1184 rempublicam
624 1134 890 1184 gubernabat,
916 1146 1006 1169 nam
1026 1131 1244 1170 Helenamr
1265 1142 1358 1183 post
1380 1135 1593 1172 adventum

103 1197 319 1248 legationis
344 1199 514 1237 Francie
557 1200 854 1252 deposuerunt,
897 1211 1071 1249 quorum
1109 1198 1272 1235 nomina
1305 1199 1594 1236 sue1·unt‘³'Mi-

103 1262 244 1300 chahel
280 1264 517 1316 episcopus,
553 1265 702 1302 Petrus
743 1265 883 1309 abbas,
923 1263 1120 1301 Callixtus
1167 1265 1306 1309 abbas,
1346 1264 1595 1302 Candidatus

102 1329 242 1374 abbas,
267 1329 335 1380 qui
357 1338 556 1367 venerunt
580 1330 628 1367 ad
652 1330 940 1381 imperatorem
964 1329 1003 1366 in
1027 1328 1243 1366 Germania
1277 1342 1400 1379 super
1430 1329 1593 1367 fluvium

105 1394 196 1431 Sala
211 1394 252 1431 in
270 1394 359 1432 loco
383 1395 451 1446 qui
474 1395 622 1433 dicitur
645 1395 751 1440 Salz,
774 1403 811 1432 et
831 1402 992 1446 pactum
1018 1394 1198 1431 faciende
1231 1394 1342 1445 pacis
1378 1394 1416 1431 in
1441 1395 1593 1446 scripto

104 1468 388 1511 susceperunt,
415 1469 452 1498 et
475 1461 567 1498 inde
601 1461 761 1498 dimissi
793 1474 880 1498 cum
909 1459 1084 1511 epistola
1121 1460 1393 1510 imperatoris,
1426 1460 1592 1497 Romam

101 1525 283 1577 regressi
314 1534 352 1564 et
372 1525 795 1577 Constantinopolim¹¹
816 1526 971 1563 reversi
1004 1534 1111 1563 sunt.
1147 1524 1372 1576 Imperator
1401 1534 1531 1563 auten]
1555 1526 1593 1564 in

103 1589 329 1641 Bajoariam
361 1592 586 1642 profectus,
606 1591 820 1642 dispositis
862 1590 1166 1627 Pannoniarum
1195 1590 1342 1633 causis,
1361 1590 1592 1627 decembrio

104 1669 241 1693 mense
260 1656 391 1707 Aquis
414 1670 606 1694 reversus
630 1665 757 1701 est,et
775 1656 830 1693 ibi
854 1655 1075 1693 celebravit
1090 1654 1270 1692 Natalem
1291 1655 1467 1692 Domini.

160 1731 220 1767 17.
240 1728 533 1780 —Imperator
547 1737 680 1767 autern
697 1728 949 1780 Aquisgrani
978 1727 1182 1764 hiemavit.
1217 1726 1356 1764 Estate
1396 1735 1525 1764 autem
1555 1727 1594 1763 in

104 1793 319 1832 saxoniam
343 1795 464 1832 ducto
484 1795 680 1840 exercitu,
702 1808 842 1832 omnes
866 1794 934 1845 qui
955 1801 1067 1831 trans
1091 1791 1250 1830 Albiam
1277 1800 1314 1829 et
1341 1793 1409 1843 qui
1434 1792 1473 1829 in
1493 1792 1593 1828 Viu-

103 1859 255 1897 nohudi
288 1859 542 1898 habebantur
576 1859 760 1897 Saxones
789 1872 878 1896 cum
909 1858 1148 1896 mulieribus
1165 1866 1202 1894 et
1224 1857 1445 1894 infantibus
1465 1865 1596 1893 trans-

102 1926 249 1963 tulitin
267 1925 493 1973 Franciam,
516 1934 554 1964 et
570 1939 700 1977 pagos
720 1924 1039 1963 Transalbianos
1055 1923 1268 1961 Abodritis
1290 1922 1414 1960 dedit.
1439 1921 1592 1959 Eodem

102 2004 207 2029 anno
231 1990 485 2037 Gotefridus,
509 2005 581 2029 rex
604 1991 828 2037 Danorum,
851 1990 963 2028 venit
989 2003 1078 2026 cum
1115 1989 1246 2027 classe
1280 2001 1352 2025 sua
1372 2001 1532 2025 necnon
1557 1995 1593 2024 et

103 2057 211 2094 omni
229 2057 409 2108 equitatu
432 2057 548 2108 regni
566 2057 627 2094 sui
648 2057 697 2094 ad
715 2056 848 2094 locum
871 2056 940 2107 qui
963 2055 1112 2092 dicitur
1134 2054 1326 2105 Slictorp,
1347 2053 1385 2090 in
1417 2052 1593 2090 confinio

101 2123 218 2174 regni
238 2123 300 2160 sui
317 2131 355 2161 et
388 2122 577 2160 saxonie.
601 2122 736 2160 Finxit
767 2122 872 2159 enim
909 2135 952 2158 se
974 2121 1023 2158 ad
1048 2120 1309 2170 conloquium
1332 2117 1591 2170 imperatoris

101 2197 332 2234 venturum,
355 2188 427 2226 sed
450 2188 624 2226 consilio
648 2201 814 2225 suorum
831 2187 1014 2232 territus,
1039 2186 1211 2238 propius
1231 2198 1311 2222 non
1328 2183 1592 2228 accessit,sed

102 2254 297 2306 quicquid
317 2254 446 2292 voluit
468 2267 543 2305 per
564 2254 721 2305 legatos
745 2253 963 2290 mandavit.
983 2252 1083 2290 Nam
1106 2252 1329 2302 imperator
1361 2262 1486 2300 super
1520 2248 1593 2285 Al-

103 2320 213 2357 bium
235 2319 399 2357 ssuvium
434 2320 600 2356 sedebat
621 2319 661 2356 in
684 2319 773 2356 loco
791 2319 859 2370 qui
882 2318 1031 2355 dicitur
1056 2315 1350 2362 Ondulstetini,
1393 2323 1430 2352 et
1470 2314 1593 2351 missa

104 2385 153 2423 ad
175 2384 430 2423 Gotefridum
452 2384 654 2435 legatione
672 2398 749 2435 pro
771 2384 957 2435 perfugis
988 2382 1224 2428 reddendis,
1251 2381 1381 2418 medio
1413 2388 1591 2430 septem-

102 2451 192 2489 brio
215 2450 428 2489 Coloniam
449 2450 574 2487 venit.
599 2449 864 2502 Dimissoque
899 2448 1095 2492 exercitu,
1131 2447 1263 2498 primo
1299 2445 1428 2496 Aquis
1464 2443 1589 2488 venit,

101 2516 195 2553 dein
234 2514 468 2554 Ardennam
508 2515 624 2566 petit,
664 2523 703 2553 et
738 2514 1023 2553 venationibus
1069 2512 1302 2563 indulgens,
1338 2508 1589 2561 Aquisgrani

100 2594 292 2620 reversus
331 2590 405 2619 est.
442 2580 579 2618 Medio
611 2580 851 2618 novembrio
888 2579 1051 2617 allatum
1089 2586 1150 2616 est
1181 2577 1215 2614 ei
1247 2576 1423 2615 Leonem
1444 2587 1588 2626 papam

141 2753 171 2793 c)
193 2752 378 2784 venatibus
399 2753 492 2781 deest
508 2752 544 2787 E,
568 2752 604 2787 F,
628 2751 668 2783 G.
692 2768 730 2775 -—
751 2751 785 2782 di
806 2762 912 2792 opera
928 2752 964 2786 A,
989 2750 1026 2780 Ι).
1050 2767 1088 2772 -
1103 2750 1132 2789 e)
1155 2749 1189 2778 in
1211 2746 1366 2788 presidio
1389 2748 1528 2792 preerat
1548 2744 1587 2777 D,

102 2794 137 2829 F,
159 2794 200 2825 G.
224 2811 263 2818 —-
280 2795 304 2833 s)
325 2794 454 2824 Helena
494 2795 531 2824 A.
555 2812 594 2817 -
615 2794 650 2833 g)
683 2795 823 2824 suerunt.
851 2793 944 2822 deest
976 2792 1013 2827 F,
1035 2790 1075 2823 G.
1099 2809 1137 2813 —
1153 2790 1188 2829 h)
1223 2786 1524 2826 Constantinopoli
1550 2785 1584 2820 E,

104 2836 139 2872 1⁴¹,
156 2835 197 2868 G.
221 2854 259 2859 —
281 2836 306 2876 i)
327 2835 513 2866 Ondustim
535 2835 572 2871 F,
594 2836 634 2867 G.
