<?xml version="1.0" encoding="UTF-8"?>
<!DOCTYPE html PUBLIC "-//W3C//DTD XHTML 1.0 Transitional//EN"
    "http://www.w3.org/TR/xhtml1/DTD/xhtml1-transitional.dtd">
<html xmlns="http://www.w3.org/1999/xhtml" xml:lang="en" lang="en">
 <head>
  <title>
</title>
<meta http-equiv="Content-Type" content="text/html;charset=utf-8" />
  <meta name='ocr-system' content='tesseract 3.04.00' />
  <meta name='ocr-capabilities' content='ocr_page ocr_carea ocr_par ocr_line ocrx_word'/>
</head>
<body>
  <div class='ocr_page' id='page_1' title='image "./chronique00aduoft_0069.png"; bbox 0 0 1908 3256; ppageno 0'>
   <div class='ocr_carea' id='block_1_1' title="bbox 659 329 1555 364">
    <p class='ocr_par' dir='ltr' id='par_1_1' title="bbox 659 329 1555 364">
     <span class='ocr_line' id='line_1_1' title="bbox 659 329 1555 364; baseline 0.003 -4"><span class='ocrx_word' id='word_1_1' title='bbox 659 337 774 361; x_wconf 60' lang='lat' dir='ltr'>{ainzu</span> <span class='ocrx_word' id='word_1_2' title='bbox 820 337 972 362; x_wconf 70' lang='lat' dir='ltr'>ennius</span> <span class='ocrx_word' id='word_1_3' title='bbox 1511 329 1555 364; x_wconf 71' lang='lat'>153</span> 
     </span>
    </p>
   </div>
   <div class='ocr_carea' id='block_1_2' title="bbox 60 425 1557 2570">
    <p class='ocr_par' dir='ltr' id='par_1_2' title="bbox 60 425 1557 2570">
     <span class='ocr_line' id='line_1_2' title="bbox 69 425 1549 478; baseline 0.002 -16"><span class='ocrx_word' id='word_1_4' title='bbox 69 443 83 462; x_wconf 71' lang='grc' dir='ltr'>ι(</span> <span class='ocrx_word' id='word_1_5' title='bbox 115 439 289 477; x_wconf 78' lang='lat' dir='ltr'>prepara</span> <span class='ocrx_word' id='word_1_6' title='bbox 331 425 632 462; x_wconf 85' lang='lat' dir='ltr'>denominatum</span> <span class='ocrx_word' id='word_1_7' title='bbox 681 425 814 462; x_wconf 85' lang='lat' dir='ltr'>ubivis</span> <span class='ocrx_word' id='word_1_8' title='bbox 864 427 1024 476; x_wconf 87' lang='lat' dir='ltr'>quando</span> <span class='ocrx_word' id='word_1_9' title='bbox 1065 426 1322 463; x_wconf 82' lang='lat' dir='ltr'>Crocliildem</span> <span class='ocrx_word' id='word_1_10' title='bbox 1358 442 1549 478; x_wconf 61' lang='lat' dir='ltr'>sponsam</span> 
     </span>
     <span class='ocr_line' id='line_1_3' title="bbox 69 489 1551 541; baseline 0.002 -15"><span class='ocrx_word' id='word_1_11' title='bbox 69 507 85 527; x_wconf 64' lang='lat' dir='ltr'>&lt;t</span> <span class='ocrx_word' id='word_1_12' title='bbox 119 504 230 528; x_wconf 87' lang='lat' dir='ltr'>suam</span> <span class='ocrx_word' id='word_1_13' title='bbox 271 490 440 541; x_wconf 90' lang='lat' dir='ltr'>recipiat</span> <span class='ocrx_word' id='word_1_14' title='bbox 456 489 485 526; x_wconf 76' lang='lat'>¹¹.</span> <span class='ocrx_word' id='word_1_15' title='bbox 513 489 578 527; x_wconf 87' lang='lat' dir='ltr'>Sii</span> <span class='ocrx_word' id='word_1_16' title='bbox 601 499 732 528; x_wconf 91' lang='lat' dir='ltr'>autem</span> <span class='ocrx_word' id='word_1_17' title='bbox 766 504 846 527; x_wconf 89' lang='lat' dir='ltr'>non</span> <span class='ocrx_word' id='word_1_18' title='bbox 868 491 945 533; x_wconf 73' lang='lat' dir='ltr'>vis,</span> <span class='ocrx_word' id='word_1_19' title='bbox 972 491 1038 528; x_wconf 82' lang='lat' dir='ltr'>ille</span> <span class='ocrx_word' id='word_1_20' title='bbox 1061 505 1148 528; x_wconf 87' lang='lat' dir='ltr'>cum</span> <span class='ocrx_word' id='word_1_21' title='bbox 1172 493 1349 529; x_wconf 79' lang='lat' dir='ltr'>exercitu</span> <span class='ocrx_word' id='word_1_22' title='bbox 1380 493 1551 529; x_wconf 77' lang='lat' dir='ltr'>Franco-</span> 
     </span>
     <span class='ocr_line' id='line_1_4' title="bbox 69 556 1554 607; baseline 0.002 -16"><span class='ocrx_word' id='word_1_23' title='bbox 69 572 85 592; x_wconf 81' lang='lat'>«</span> <span class='ocrx_word' id='word_1_24' title='bbox 119 570 206 603; x_wconf 90' lang='lat' dir='ltr'>rum</span> <span class='ocrx_word' id='word_1_25' title='bbox 235 556 274 592; x_wconf 91' lang='lat' dir='ltr'>in</span> <span class='ocrx_word' id='word_1_26' title='bbox 297 569 510 593; x_wconf 86' lang='lat' dir='ltr'>occursum</span> <span class='ocrx_word' id='word_1_27' title='bbox 534 564 643 593; x_wconf 89' lang='lat' dir='ltr'>tuum</span> <span class='ocrx_word' id='word_1_28' title='bbox 666 556 804 593; x_wconf 84' lang='lat' dir='ltr'>venire</span> <span class='ocrx_word' id='word_1_29' title='bbox 827 556 1022 607; x_wconf 81' lang='lat' dir='ltr'>disponit.</span> <span class='ocrx_word' id='word_1_30' title='bbox 1051 572 1066 590; x_wconf 72' lang='lat'>»</span> <span class='ocrx_word' id='word_1_31' title='bbox 1098 556 1148 594; x_wconf 57' lang='lat' dir='ltr'>lit</span> <span class='ocrx_word' id='word_1_32' title='bbox 1182 557 1246 593; x_wconf 83' lang='lat' dir='ltr'>ille</span> <span class='ocrx_word' id='word_1_33' title='bbox 1282 558 1334 594; x_wconf 87' lang='lat' dir='ltr'>ait</span> <span class='ocrx_word' id='word_1_34' title='bbox 1365 573 1370 593; x_wconf 92' lang='lat'>:</span> <span class='ocrx_word' id='word_1_35' title='bbox 1411 574 1425 592; x_wconf 72' lang='grc' dir='ltr'>α</span> <span class='ocrx_word' id='word_1_36' title='bbox 1461 559 1554 595; x_wconf 67' lang='lat' dir='ltr'>lfbi-</span> 
     </span>
     <span class='ocr_line' id='line_1_5' title="bbox 68 620 1552 673; baseline 0.003 -16"><span class='ocrx_word' id='word_1_37' title='bbox 68 637 85 657; x_wconf 84' lang='lat'>&lt;‹</span> <span class='ocrx_word' id='word_1_38' title='bbox 119 635 289 672; x_wconf 87' lang='lat' dir='ltr'>cumque</span> <span class='ocrx_word' id='word_1_39' title='bbox 311 621 395 659; x_wconf 89' lang='lat' dir='ltr'>vult</span> <span class='ocrx_word' id='word_1_40' title='bbox 415 620 565 665; x_wconf 81' lang='lat' dir='ltr'>veniat,</span> <span class='ocrx_word' id='word_1_41' title='bbox 601 630 639 659; x_wconf 87' lang='lat' dir='ltr'>et</span> <span class='ocrx_word' id='word_1_42' title='bbox 667 635 742 672; x_wconf 82' lang='lat' dir='ltr'>ego</span> <span class='ocrx_word' id='word_1_43' title='bbox 771 630 911 658; x_wconf 85' lang='lat' dir='ltr'>contra</span> <span class='ocrx_word' id='word_1_44' title='bbox 938 636 1026 659; x_wconf 83' lang='lat' dir='ltr'>eum</span> <span class='ocrx_word' id='word_1_45' title='bbox 1050 623 1108 659; x_wconf 84' lang='lat' dir='ltr'>ire</span> <span class='ocrx_word' id='word_1_46' title='bbox 1131 623 1304 673; x_wconf 72' lang='lat' dir='ltr'>dispono</span> <span class='ocrx_word' id='word_1_47' title='bbox 1327 638 1414 660; x_wconf 85' lang='lat' dir='ltr'>cum</span> <span class='ocrx_word' id='word_1_48' title='bbox 1438 624 1552 661; x_wconf 67' lang='lat' dir='ltr'>lioste</span> 
     </span>
     <span class='ocr_line' id='line_1_6' title="bbox 68 686 1553 739; baseline 0.003 -17"><span class='ocrx_word' id='word_1_49' title='bbox 68 704 84 723; x_wconf 86' lang='lat'>«</span> <span class='ocrx_word' id='word_1_50' title='bbox 117 687 293 738; x_wconf 88' lang='lat' dir='ltr'>plurimo</span> <span class='ocrx_word' id='word_1_51' title='bbox 310 687 666 738; x_wconf 74' lang='lat' dir='ltr'>Burgundionum,</span> <span class='ocrx_word' id='word_1_52' title='bbox 686 696 728 724; x_wconf 86' lang='lat' dir='ltr'>ut</span> <span class='ocrx_word' id='word_1_53' title='bbox 750 687 908 724; x_wconf 84' lang='lat' dir='ltr'>decidat</span> <span class='ocrx_word' id='word_1_54' title='bbox 935 688 1050 724; x_wconf 88' lang='lat' dir='ltr'>ruina</span> <span class='ocrx_word' id='word_1_55' title='bbox 1072 686 1158 739; x_wconf 75' lang='lat' dir='ltr'>ejus</span> <span class='ocrx_word' id='word_1_56' title='bbox 1174 689 1221 724; x_wconf 90' lang='lat' dir='ltr'>ad</span> <span class='ocrx_word' id='word_1_57' title='bbox 1245 688 1553 726; x_wconf 65' lang='lat' dir='ltr'>internicionem</span> 
     </span>
     <span class='ocr_line' id='line_1_7' title="bbox 68 752 1554 805; baseline 0.003 -18"><span class='ocrx_word' id='word_1_58' title='bbox 68 768 84 788; x_wconf 79' lang='lat' dir='ltr'>&lt;t</span> <span class='ocrx_word' id='word_1_59' title='bbox 119 766 236 803; x_wconf 89' lang='lat' dir='ltr'>quam</span> <span class='ocrx_word' id='word_1_60' title='bbox 257 752 508 803; x_wconf 77' lang='lat' dir='ltr'>perpetravit</span> <span class='ocrx_word' id='word_1_61' title='bbox 531 766 666 789; x_wconf 89' lang='lat' dir='ltr'>coram</span> <span class='ocrx_word' id='word_1_62' title='bbox 690 752 825 789; x_wconf 79' lang='lat' dir='ltr'>multis</span> <span class='ocrx_word' id='word_1_63' title='bbox 849 753 1055 804; x_wconf 73' lang='lat' dir='ltr'>gentibus,</span> <span class='ocrx_word' id='word_1_64' title='bbox 1080 761 1117 789; x_wconf 86' lang='lat' dir='ltr'>ct</span> <span class='ocrx_word' id='word_1_65' title='bbox 1138 753 1366 790; x_wconf 74' lang='lat' dir='ltr'>vindicetur</span> <span class='ocrx_word' id='word_1_66' title='bbox 1389 755 1554 805; x_wconf 78' lang='lat' dir='ltr'>sangnis</span> 
     </span>
     <span class='ocr_line' id='line_1_8' title="bbox 68 816 1555 869; baseline 0.003 -17"><span class='ocrx_word' id='word_1_67' title='bbox 68 834 84 853; x_wconf 85' lang='lat'>«</span> <span class='ocrx_word' id='word_1_68' title='bbox 119 816 358 855; x_wconf 83' lang='lat' dir='ltr'>multorumj</span> <span class='ocrx_word' id='word_1_69' title='bbox 393 818 462 869; x_wconf 89' lang='lat' dir='ltr'>qui</span> <span class='ocrx_word' id='word_1_70' title='bbox 491 817 642 855; x_wconf 78' lang='lat' dir='ltr'>effusus</span> <span class='ocrx_word' id='word_1_71' title='bbox 678 825 738 854; x_wconf 82' lang='lat' dir='ltr'>est</span> <span class='ocrx_word' id='word_1_72' title='bbox 777 817 817 855; x_wconf 90' lang='lat' dir='ltr'>in</span> <span class='ocrx_word' id='word_1_73' title='bbox 852 818 1037 855; x_wconf 82' lang='lat' dir='ltr'>manibus</span> <span class='ocrx_word' id='word_1_74' title='bbox 1070 819 1233 855; x_wconf 72' lang='lat' dir='ltr'>vestris.</span> <span class='ocrx_word' id='word_1_75' title='bbox 1275 834 1290 853; x_wconf 69' lang='lat'>³&gt;</span> <span class='ocrx_word' id='word_1_76' title='bbox 1334 818 1555 856; x_wconf 75' lang='lat' dir='ltr'>Audientes</span> 
     </span>
     <span class='ocr_line' id='line_1_9' title="bbox 65 872 1556 934; baseline 0 -14"><span class='ocrx_word' id='word_1_77' title='bbox 65 891 195 920; x_wconf 90' lang='lat' dir='ltr'>autem</span> <span class='ocrx_word' id='word_1_78' title='bbox 229 883 316 928; x_wconf 87' lang='lat' dir='ltr'>hec,</span> <span class='ocrx_word' id='word_1_79' title='bbox 347 872 664 934; x_wconf 72' lang='lat' dir='ltr'>Burgundiones</span> <span class='ocrx_word' id='word_1_80' title='bbox 694 883 762 933; x_wconf 85' lang='lat' dir='ltr'>qui</span> <span class='ocrx_word' id='word_1_81' title='bbox 804 892 917 920; x_wconf 90' lang='lat' dir='ltr'>erant</span> <span class='ocrx_word' id='word_1_82' title='bbox 959 883 1181 920; x_wconf 77' lang='lat' dir='ltr'>consiliarii</span> <span class='ocrx_word' id='word_1_83' title='bbox 1224 882 1324 933; x_wconf 78' lang='lat' dir='ltr'>ejus,</span> <span class='ocrx_word' id='word_1_84' title='bbox 1370 884 1556 922; x_wconf 72' lang='lat' dir='ltr'>timentes</span> 
     </span>
     <span class='ocr_line' id='line_1_10' title="bbox 63 948 1555 993; baseline 0 -7"><span class='ocrx_word' id='word_1_85' title='bbox 63 948 178 986; x_wconf 82' lang='lat' dir='ltr'>valde</span> <span class='ocrx_word' id='word_1_86' title='bbox 194 948 323 986; x_wconf 77' lang='lat' dir='ltr'>kiram</span> <span class='ocrx_word' id='word_1_87' title='bbox 348 948 595 985; x_wconf 84' lang='lat' dir='ltr'>Francorum</span> <span class='ocrx_word' id='word_1_88' title='bbox 613 957 650 986; x_wconf 90' lang='lat' dir='ltr'>et</span> <span class='ocrx_word' id='word_1_89' title='bbox 673 948 867 986; x_wconf 83' lang='lat' dir='ltr'>Clodovei</span> <span class='ocrx_word' id='word_1_90' title='bbox 884 949 907 993; x_wconf 88' lang='lat'>¹,</span> <span class='ocrx_word' id='word_1_91' title='bbox 932 949 1146 986; x_wconf 77' lang='lat' dir='ltr'>consilium</span> <span class='ocrx_word' id='word_1_92' title='bbox 1170 950 1369 986; x_wconf 86' lang='lat' dir='ltr'>dederunt</span> <span class='ocrx_word' id='word_1_93' title='bbox 1395 950 1555 986; x_wconf 84' lang='lat' dir='ltr'>Gunde-</span> 
     </span>
     <span class='ocr_line' id='line_1_11' title="bbox 65 1014 1555 1065; baseline 0.001 -14"><span class='ocrx_word' id='word_1_94' title='bbox 65 1015 169 1051; x_wconf 91' lang='lat' dir='ltr'>bado</span> <span class='ocrx_word' id='word_1_95' title='bbox 197 1014 405 1051; x_wconf 85' lang='lat' dir='ltr'>dicentes:</span> <span class='ocrx_word' id='word_1_96' title='bbox 434 1031 450 1049; x_wconf 70' lang='grc' dir='ltr'>α</span> <span class='ocrx_word' id='word_1_97' title='bbox 477 1014 659 1065; x_wconf 89' lang='lat' dir='ltr'>Inquirat</span> <span class='ocrx_word' id='word_1_98' title='bbox 681 1028 751 1051; x_wconf 75' lang='lat' dir='ltr'>rex</span> <span class='ocrx_word' id='word_1_99' title='bbox 778 1028 798 1051; x_wconf 88' lang='lat' dir='ltr'>a</span> <span class='ocrx_word' id='word_1_100' title='bbox 826 1015 1025 1052; x_wconf 73' lang='lat' dir='ltr'>ministris</span> <span class='ocrx_word' id='word_1_101' title='bbox 1055 1023 1092 1052; x_wconf 88' lang='lat' dir='ltr'>et</span> <span class='ocrx_word' id='word_1_102' title='bbox 1121 1014 1380 1051; x_wconf 67' lang='lat' dir='ltr'>cubiculariis</span> <span class='ocrx_word' id='word_1_103' title='bbox 1410 1015 1493 1052; x_wconf 67' lang='lat' dir='ltr'>suis</span> <span class='ocrx_word' id='word_1_104' title='bbox 1523 1015 1555 1052; x_wconf 76' lang='lat' dir='ltr'>si</span> 
     </span>
     <span class='ocr_line' id='line_1_12' title="bbox 68 1079 1556 1131; baseline 0 -15"><span class='ocrx_word' id='word_1_105' title='bbox 68 1096 84 1116; x_wconf 88' lang='lat'>«</span> <span class='ocrx_word' id='word_1_106' title='bbox 118 1081 279 1117; x_wconf 86' lang='lat' dir='ltr'>suerunt</span> <span class='ocrx_word' id='word_1_107' title='bbox 304 1079 521 1131; x_wconf 85' lang='lat' dir='ltr'>aliquando</span> <span class='ocrx_word' id='word_1_108' title='bbox 550 1080 761 1130; x_wconf 85' lang='lat' dir='ltr'>deportata</span> <span class='ocrx_word' id='word_1_109' title='bbox 782 1094 948 1117; x_wconf 87' lang='lat' dir='ltr'>munera</span> <span class='ocrx_word' id='word_1_110' title='bbox 980 1094 1054 1131; x_wconf 88' lang='lat' dir='ltr'>per</span> <span class='ocrx_word' id='word_1_111' title='bbox 1087 1080 1294 1130; x_wconf 74' lang='lat' dir='ltr'>ingenium</span> <span class='ocrx_word' id='word_1_112' title='bbox 1317 1094 1336 1117; x_wconf 87' lang='lat' dir='ltr'>a</span> <span class='ocrx_word' id='word_1_113' title='bbox 1353 1080 1556 1131; x_wconf 71' lang='lat' dir='ltr'>legatariis</span> 
     </span>
     <span class='ocr_line' id='line_1_13' title="bbox 67 1145 1554 1196; baseline 0.001 -15"><span class='ocrx_word' id='word_1_114' title='bbox 67 1162 84 1181; x_wconf 85' lang='lat'>«</span> <span class='ocrx_word' id='word_1_115' title='bbox 119 1145 315 1183; x_wconf 90' lang='lat' dir='ltr'>Clodovei</span> <span class='ocrx_word' id='word_1_116' title='bbox 333 1145 444 1196; x_wconf 84' lang='lat' dir='ltr'>regis</span> <span class='ocrx_word' id='word_1_117' title='bbox 461 1154 502 1183; x_wconf 92' lang='lat' dir='ltr'>ut</span> <span class='ocrx_word' id='word_1_118' title='bbox 524 1159 604 1182; x_wconf 91' lang='lat' dir='ltr'>non</span> <span class='ocrx_word' id='word_1_119' title='bbox 630 1145 859 1183; x_wconf 81' lang='lat' dir='ltr'>inveniatur</span> <span class='ocrx_word' id='word_1_120' title='bbox 888 1146 1047 1183; x_wconf 72' lang='lat' dir='ltr'>occasio</span> <span class='ocrx_word' id='word_1_121' title='bbox 1076 1159 1199 1196; x_wconf 82' lang='lat' dir='ltr'>super</span> <span class='ocrx_word' id='word_1_122' title='bbox 1225 1145 1419 1196; x_wconf 86' lang='lat' dir='ltr'>populum</span> <span class='ocrx_word' id='word_1_123' title='bbox 1446 1154 1554 1183; x_wconf 86' lang='lat' dir='ltr'>tunm</span> 
     </span>
     <span class='ocr_line' id='line_1_14' title="bbox 67 1211 1556 1262; baseline 0.001 -15"><span class='ocrx_word' id='word_1_124' title='bbox 67 1227 83 1246; x_wconf 65' lang='grc' dir='ltr'>ι(</span> <span class='ocrx_word' id='word_1_125' title='bbox 117 1219 155 1248; x_wconf 87' lang='lat' dir='ltr'>et</span> <span class='ocrx_word' id='word_1_126' title='bbox 187 1224 358 1262; x_wconf 88' lang='lat' dir='ltr'>regnum</span> <span class='ocrx_word' id='word_1_127' title='bbox 386 1219 512 1255; x_wconf 87' lang='lat' dir='ltr'>tuum,</span> <span class='ocrx_word' id='word_1_128' title='bbox 543 1219 581 1248; x_wconf 90' lang='lat' dir='ltr'>et</span> <span class='ocrx_word' id='word_1_129' title='bbox 607 1211 738 1248; x_wconf 75' lang='lat' dir='ltr'>victor</span> <span class='ocrx_word' id='word_1_130' title='bbox 764 1211 897 1249; x_wconf 77' lang='lat' dir='ltr'>valeas</span> <span class='ocrx_word' id='word_1_131' title='bbox 933 1224 1126 1262; x_wconf 86' lang='lat' dir='ltr'>superare</span> <span class='ocrx_word' id='word_1_132' title='bbox 1160 1225 1264 1256; x_wconf 80' lang='lat' dir='ltr'>euin,</span> <span class='ocrx_word' id='word_1_133' title='bbox 1312 1211 1405 1262; x_wconf 86' lang='lat' dir='ltr'>quia</span> <span class='ocrx_word' id='word_1_134' title='bbox 1436 1211 1556 1248; x_wconf 73' lang='lat' dir='ltr'>nimis</span> 
     </span>
     <span class='ocr_line' id='line_1_15' title="bbox 67 1276 1557 1328; baseline 0.001 -17"><span class='ocrx_word' id='word_1_135' title='bbox 67 1292 83 1311; x_wconf 68' lang='grc' dir='ltr'>α</span> <span class='ocrx_word' id='word_1_136' title='bbox 118 1276 335 1314; x_wconf 86' lang='lat' dir='ltr'>furibunda</span> <span class='ocrx_word' id='word_1_137' title='bbox 357 1285 418 1314; x_wconf 91' lang='lat' dir='ltr'>est</span> <span class='ocrx_word' id='word_1_138' title='bbox 447 1276 642 1314; x_wconf 91' lang='lat' dir='ltr'>Clodovei</span> <span class='ocrx_word' id='word_1_139' title='bbox 673 1277 867 1327; x_wconf 86' lang='lat' dir='ltr'>nequitia.</span> <span class='ocrx_word' id='word_1_140' title='bbox 890 1293 906 1311; x_wconf 81' lang='lat'>»</span> <span class='ocrx_word' id='word_1_141' title='bbox 932 1277 1249 1328; x_wconf 70' lang='lat' dir='ltr'>Burgundiones</span> <span class='ocrx_word' id='word_1_142' title='bbox 1267 1282 1306 1321; x_wconf 82' lang='lat'>¹¹¹,</span> <span class='ocrx_word' id='word_1_143' title='bbox 1326 1277 1429 1314; x_wconf 79' lang='lat' dir='ltr'>sicut</span> <span class='ocrx_word' id='word_1_144' title='bbox 1457 1277 1557 1314; x_wconf 81' lang='lat' dir='ltr'>soli-</span> 
     </span>
     <span class='ocr_line' id='line_1_16' title="bbox 65 1341 1554 1394; baseline 0 -16"><span class='ocrx_word' id='word_1_145' title='bbox 65 1349 146 1378; x_wconf 88' lang='lat' dir='ltr'>tum</span> <span class='ocrx_word' id='word_1_146' title='bbox 180 1350 256 1387; x_wconf 78' lang='lat' dir='ltr'>est,</span> <span class='ocrx_word' id='word_1_147' title='bbox 286 1341 361 1379; x_wconf 85' lang='lat' dir='ltr'>hoc</span> <span class='ocrx_word' id='word_1_148' title='bbox 389 1342 605 1379; x_wconf 87' lang='lat' dir='ltr'>consilium</span> <span class='ocrx_word' id='word_1_149' title='bbox 641 1343 840 1379; x_wconf 86' lang='lat' dir='ltr'>dederunt</span> <span class='ocrx_word' id='word_1_150' title='bbox 868 1342 954 1394; x_wconf 85' lang='lat' dir='ltr'>regi</span> <span class='ocrx_word' id='word_1_151' title='bbox 983 1356 1070 1379; x_wconf 84' lang='lat' dir='ltr'>suo.</span> <span class='ocrx_word' id='word_1_152' title='bbox 1108 1343 1381 1393; x_wconf 73' lang='lat' dir='ltr'>Requirentes</span> <span class='ocrx_word' id='word_1_153' title='bbox 1410 1351 1554 1387; x_wconf 87' lang='lat' dir='ltr'>autem,</span> 
     </span>
     <span class='ocr_line' id='line_1_17' title="bbox 65 1407 1557 1459; baseline 0 -15"><span class='ocrx_word' id='word_1_154' title='bbox 65 1408 308 1445; x_wconf 86' lang='lat' dir='ltr'>invenerunt</span> <span class='ocrx_word' id='word_1_155' title='bbox 335 1407 376 1444; x_wconf 93' lang='lat' dir='ltr'>in</span> <span class='ocrx_word' id='word_1_156' title='bbox 403 1407 606 1445; x_wconf 77' lang='lat' dir='ltr'>thesauris</span> <span class='ocrx_word' id='word_1_157' title='bbox 641 1407 752 1459; x_wconf 88' lang='lat' dir='ltr'>regis</span> <span class='ocrx_word' id='word_1_158' title='bbox 780 1408 941 1445; x_wconf 89' lang='lat' dir='ltr'>anulum</span> <span class='ocrx_word' id='word_1_159' title='bbox 972 1408 1165 1446; x_wconf 87' lang='lat' dir='ltr'>Clodovei</span> <span class='ocrx_word' id='word_1_160' title='bbox 1200 1407 1468 1458; x_wconf 74' lang='lat' dir='ltr'>inscriptione</span> <span class='ocrx_word' id='word_1_161' title='bbox 1494 1407 1557 1445; x_wconf 86' lang='lat' dir='ltr'>vel</span> 
     </span>
     <span class='ocr_line' id='line_1_18' title="bbox 66 1472 1554 1524; baseline -0.001 -14"><span class='ocrx_word' id='word_1_162' title='bbox 66 1473 240 1524; x_wconf 86' lang='lat' dir='ltr'>imagine</span> <span class='ocrx_word' id='word_1_163' title='bbox 270 1472 528 1524; x_wconf 86' lang='lat' dir='ltr'>inscriptum.</span> <span class='ocrx_word' id='word_1_164' title='bbox 577 1473 688 1510; x_wconf 89' lang='lat' dir='ltr'>Tunc</span> <span class='ocrx_word' id='word_1_165' title='bbox 718 1474 981 1511; x_wconf 83' lang='lat' dir='ltr'>contristatus</span> <span class='ocrx_word' id='word_1_166' title='bbox 1010 1473 1125 1511; x_wconf 82' lang='lat' dir='ltr'>valde</span> <span class='ocrx_word' id='word_1_167' title='bbox 1153 1474 1428 1510; x_wconf 68' lang='lat' dir='ltr'>Gundeliadus</span> <span class='ocrx_word' id='word_1_168' title='bbox 1470 1487 1554 1518; x_wconf 83' lang='lat' dir='ltr'>rex,</span> 
     </span>
     <span class='ocr_line' id='line_1_19' title="bbox 66 1536 1556 1589; baseline 0 -15"><span class='ocrx_word' id='word_1_169' title='bbox 66 1536 184 1588; x_wconf 81' lang='lat' dir='ltr'>jussit</span> <span class='ocrx_word' id='word_1_170' title='bbox 198 1538 373 1589; x_wconf 86' lang='lat' dir='ltr'>puellam</span> <span class='ocrx_word' id='word_1_171' title='bbox 390 1539 438 1575; x_wconf 90' lang='lat' dir='ltr'>de</span> <span class='ocrx_word' id='word_1_172' title='bbox 461 1538 532 1575; x_wconf 85' lang='lat' dir='ltr'>hac</span> <span class='ocrx_word' id='word_1_173' title='bbox 555 1552 674 1575; x_wconf 86' lang='lat' dir='ltr'>causa</span> <span class='ocrx_word' id='word_1_174' title='bbox 690 1538 856 1589; x_wconf 87' lang='lat' dir='ltr'>inquiri.</span> <span class='ocrx_word' id='word_1_175' title='bbox 877 1538 927 1575; x_wconf 88' lang='lat' dir='ltr'>Et</span> <span class='ocrx_word' id='word_1_176' title='bbox 944 1539 1009 1576; x_wconf 89' lang='lat' dir='ltr'>illa</span> <span class='ocrx_word' id='word_1_177' title='bbox 1024 1539 1078 1576; x_wconf 89' lang='lat' dir='ltr'>ait</span> <span class='ocrx_word' id='word_1_178' title='bbox 1108 1554 1114 1575; x_wconf 91' lang='lat'>:</span> <span class='ocrx_word' id='word_1_179' title='bbox 1149 1555 1164 1573; x_wconf 70' lang='grc' dir='ltr'>α</span> <span class='ocrx_word' id='word_1_180' title='bbox 1195 1538 1301 1583; x_wconf 75' lang='lat' dir='ltr'>Scio,</span> <span class='ocrx_word' id='word_1_181' title='bbox 1322 1538 1482 1575; x_wconf 85' lang='lat' dir='ltr'>domine</span> <span class='ocrx_word' id='word_1_182' title='bbox 1504 1538 1556 1574; x_wconf 91' lang='lat' dir='ltr'>mi</span> 
     </span>
     <span class='ocr_line' id='line_1_20' title="bbox 65 1602 1556 1654; baseline 0 -15"><span class='ocrx_word' id='word_1_183' title='bbox 65 1620 81 1638; x_wconf 74' lang='grc' dir='ltr'>α</span> <span class='ocrx_word' id='word_1_184' title='bbox 116 1617 201 1648; x_wconf 84' lang='lat' dir='ltr'>rex,</span> <span class='ocrx_word' id='word_1_185' title='bbox 226 1611 316 1640; x_wconf 89' lang='lat' dir='ltr'>ante</span> <span class='ocrx_word' id='word_1_186' title='bbox 345 1602 418 1640; x_wconf 81' lang='lat' dir='ltr'>hos</span> <span class='ocrx_word' id='word_1_187' title='bbox 447 1617 574 1640; x_wconf 89' lang='lat' dir='ltr'>annos</span> <span class='ocrx_word' id='word_1_188' title='bbox 598 1604 671 1640; x_wconf 87' lang='lat' dir='ltr'>tibi</span> <span class='ocrx_word' id='word_1_189' title='bbox 699 1618 773 1654; x_wconf 89' lang='lat' dir='ltr'>pro</span> <span class='ocrx_word' id='word_1_190' title='bbox 796 1618 962 1641; x_wconf 86' lang='lat' dir='ltr'>munere</span> <span class='ocrx_word' id='word_1_191' title='bbox 990 1618 1109 1641; x_wconf 88' lang='lat' dir='ltr'>aurea</span> <span class='ocrx_word' id='word_1_192' title='bbox 1131 1604 1367 1641; x_wconf 66' lang='lat' dir='ltr'>munuscula</span> <span class='ocrx_word' id='word_1_193' title='bbox 1383 1618 1402 1640; x_wconf 89' lang='lat' dir='ltr'>a</span> <span class='ocrx_word' id='word_1_194' title='bbox 1419 1603 1556 1640; x_wconf 75' lang='lat' dir='ltr'>missis</span> 
     </span>
     <span class='ocr_line' id='line_1_21' title="bbox 66 1669 1555 1721; baseline 0.003 -17"><span class='ocrx_word' id='word_1_195' title='bbox 66 1685 81 1704; x_wconf 72' lang='grc' dir='ltr'><em>α</em></span> <span class='ocrx_word' id='word_1_196' title='bbox 116 1669 311 1707; x_wconf 90' lang='lat' dir='ltr'>Clodovei</span> <span class='ocrx_word' id='word_1_197' title='bbox 340 1669 456 1706; x_wconf 87' lang='lat' dir='ltr'>allata</span> <span class='ocrx_word' id='word_1_198' title='bbox 478 1677 515 1706; x_wconf 89' lang='lat' dir='ltr'>et</span> <span class='ocrx_word' id='word_1_199' title='bbox 539 1669 650 1711; x_wconf 83' lang='lat' dir='ltr'>mihi,</span> <span class='ocrx_word' id='word_1_200' title='bbox 669 1669 813 1706; x_wconf 83' lang='lat' dir='ltr'>ancille</span> <span class='ocrx_word' id='word_1_201' title='bbox 829 1678 978 1711; x_wconf 77' lang='lat' dir='ltr'>vestre,</span> <span class='ocrx_word' id='word_1_202' title='bbox 998 1670 1159 1707; x_wconf 89' lang='lat' dir='ltr'>anulum</span> <span class='ocrx_word' id='word_1_203' title='bbox 1176 1670 1215 1706; x_wconf 91' lang='lat' dir='ltr'>in</span> <span class='ocrx_word' id='word_1_204' title='bbox 1239 1684 1354 1707; x_wconf 86' lang='lat' dir='ltr'>mann</span> <span class='ocrx_word' id='word_1_205' title='bbox 1377 1671 1555 1721; x_wconf 71' lang='lat' dir='ltr'>positum</span> 
     </span>
     <span class='ocr_line' id='line_1_22' title="bbox 65 1734 1556 1786; baseline 0.002 -16"><span class='ocrx_word' id='word_1_206' title='bbox 65 1751 82 1770; x_wconf 70' lang='grc' dir='ltr'><em>α</em></span> <span class='ocrx_word' id='word_1_207' title='bbox 115 1734 341 1786; x_wconf 85' lang='lat' dir='ltr'>parvulum.</span> <span class='ocrx_word' id='word_1_208' title='bbox 362 1734 450 1785; x_wconf 86' lang='lat' dir='ltr'>Ego</span> <span class='ocrx_word' id='word_1_209' title='bbox 466 1748 563 1771; x_wconf 88' lang='lat' dir='ltr'>vero</span> <span class='ocrx_word' id='word_1_210' title='bbox 580 1734 619 1771; x_wconf 91' lang='lat' dir='ltr'>in</span> <span class='ocrx_word' id='word_1_211' title='bbox 636 1734 839 1771; x_wconf 80' lang='lat' dir='ltr'>thesauris</span> <span class='ocrx_word' id='word_1_212' title='bbox 855 1735 1004 1772; x_wconf 81' lang='lat' dir='ltr'>vestris</span> <span class='ocrx_word' id='word_1_213' title='bbox 1021 1748 1110 1772; x_wconf 89' lang='lat' dir='ltr'>eum</span> <span class='ocrx_word' id='word_1_214' title='bbox 1127 1735 1352 1772; x_wconf 83' lang='lat' dir='ltr'>recondidi.</span> <span class='ocrx_word' id='word_1_215' title='bbox 1375 1752 1390 1770; x_wconf 62' lang='lat'>&gt;³</span> <span class='ocrx_word' id='word_1_216' title='bbox 1418 1736 1467 1773; x_wconf 82' lang='lat' dir='ltr'>Et</span> <span class='ocrx_word' id='word_1_217' title='bbox 1490 1736 1556 1773; x_wconf 82' lang='lat' dir='ltr'>ille</span> 
     </span>
     <span class='ocr_line' id='line_1_23' title="bbox 64 1799 1555 1852; baseline 0.001 -15"><span class='ocrx_word' id='word_1_218' title='bbox 64 1799 166 1837; x_wconf 77' lang='lat' dir='ltr'>dixit</span> <span class='ocrx_word' id='word_1_219' title='bbox 187 1805 202 1821; x_wconf 87' lang='lat'>¹¹</span> <span class='ocrx_word' id='word_1_220' title='bbox 229 1815 235 1836; x_wconf 89' lang='lat'>:</span> <span class='ocrx_word' id='word_1_221' title='bbox 269 1799 560 1850; x_wconf 82' lang='lat' dir='ltr'>«Simpliciter</span> <span class='ocrx_word' id='word_1_222' title='bbox 582 1808 620 1837; x_wconf 87' lang='lat' dir='ltr'>et</span> <span class='ocrx_word' id='word_1_223' title='bbox 643 1799 730 1837; x_wconf 82' lang='lat' dir='ltr'>sine</span> <span class='ocrx_word' id='word_1_224' title='bbox 761 1800 934 1837; x_wconf 77' lang='lat' dir='ltr'>consilio</span> <span class='ocrx_word' id='word_1_225' title='bbox 963 1799 1038 1837; x_wconf 87' lang='lat' dir='ltr'>hoc</span> <span class='ocrx_word' id='word_1_226' title='bbox 1066 1802 1209 1837; x_wconf 87' lang='lat' dir='ltr'>sactum</span> <span class='ocrx_word' id='word_1_227' title='bbox 1239 1801 1324 1838; x_wconf 89' lang='lat' dir='ltr'>suit.</span> <span class='ocrx_word' id='word_1_228' title='bbox 1354 1817 1369 1835; x_wconf 74' lang='lat' dir='ltr'>n</span> <span class='ocrx_word' id='word_1_229' title='bbox 1403 1800 1555 1852; x_wconf 79' lang='lat' dir='ltr'>Accep-</span> 
     </span>
     <span class='ocr_line' id='line_1_24' title="bbox 62 1864 1555 1917; baseline 0 -14"><span class='ocrx_word' id='word_1_230' title='bbox 62 1874 223 1916; x_wconf 82' lang='lat' dir='ltr'>tamque</span> <span class='ocrx_word' id='word_1_231' title='bbox 258 1878 343 1902; x_wconf 86' lang='lat' dir='ltr'>earn</span> <span class='ocrx_word' id='word_1_232' title='bbox 372 1878 461 1902; x_wconf 85' lang='lat' dir='ltr'>curn</span> <span class='ocrx_word' id='word_1_233' title='bbox 491 1865 552 1902; x_wconf 85' lang='lat' dir='ltr'>ira</span> <span class='ocrx_word' id='word_1_234' title='bbox 577 1864 798 1902; x_wconf 78' lang='lat' dir='ltr'>Aureliano</span> <span class='ocrx_word' id='word_1_235' title='bbox 841 1865 1021 1903; x_wconf 82' lang='lat' dir='ltr'>tradidit.</span> <span class='ocrx_word' id='word_1_236' title='bbox 1069 1865 1139 1902; x_wconf 93' lang='lat' dir='ltr'>Ille</span> <span class='ocrx_word' id='word_1_237' title='bbox 1181 1874 1311 1903; x_wconf 89' lang='lat' dir='ltr'>autem</span> <span class='ocrx_word' id='word_1_238' title='bbox 1352 1875 1555 1917; x_wconf 83' lang='lat' dir='ltr'>acceptam</span> 
     </span>
     <span class='ocr_line' id='line_1_25' title="bbox 65 1930 1555 1982; baseline 0.001 -14"><span class='ocrx_word' id='word_1_239' title='bbox 65 1930 323 1968; x_wconf 82' lang='lat' dir='ltr'>Crochildem</span> <span class='ocrx_word' id='word_1_240' title='bbox 353 1944 442 1968; x_wconf 89' lang='lat' dir='ltr'>cum</span> <span class='ocrx_word' id='word_1_241' title='bbox 475 1944 622 1982; x_wconf 87' lang='lat' dir='ltr'>magno</span> <span class='ocrx_word' id='word_1_242' title='bbox 651 1931 800 1982; x_wconf 87' lang='lat' dir='ltr'>gaudio</span> <span class='ocrx_word' id='word_1_243' title='bbox 836 1944 924 1968; x_wconf 85' lang='lat' dir='ltr'>curn</span> <span class='ocrx_word' id='word_1_244' title='bbox 954 1931 1077 1968; x_wconf 82' lang='lat' dir='ltr'>sociis</span> <span class='ocrx_word' id='word_1_245' title='bbox 1113 1931 1196 1968; x_wconf 86' lang='lat' dir='ltr'>suis</span> <span class='ocrx_word' id='word_1_246' title='bbox 1225 1932 1273 1968; x_wconf 88' lang='lat' dir='ltr'>ad</span> <span class='ocrx_word' id='word_1_247' title='bbox 1308 1931 1555 1969; x_wconf 82' lang='lat' dir='ltr'>Clodovcum</span> 
     </span>
     <span class='ocr_line' id='line_1_26' title="bbox 64 1996 1555 2048; baseline 0.001 -15"><span class='ocrx_word' id='word_1_248' title='bbox 64 2009 201 2048; x_wconf 83' lang='lat' dir='ltr'>regem</span> <span class='ocrx_word' id='word_1_249' title='bbox 228 1997 482 2034; x_wconf 80' lang='lat' dir='ltr'>adduxerunt</span> <span class='ocrx_word' id='word_1_250' title='bbox 504 2009 588 2034; x_wconf 85' lang='lat' dir='ltr'>earn</span> <span class='ocrx_word' id='word_1_251' title='bbox 612 1996 848 2033; x_wconf 84' lang='lat' dir='ltr'>Suessionis</span> <span class='ocrx_word' id='word_1_252' title='bbox 871 1997 1071 2034; x_wconf 79' lang='lat' dir='ltr'>civitatem</span> <span class='ocrx_word' id='word_1_253' title='bbox 1099 1996 1139 2033; x_wconf 92' lang='lat' dir='ltr'>in</span> <span class='ocrx_word' id='word_1_254' title='bbox 1169 1996 1377 2034; x_wconf 86' lang='lat' dir='ltr'>Franciam</span> <span class='ocrx_word' id='word_1_255' title='bbox 1393 2003 1419 2034; x_wconf 85' lang='lat'>0.</span> <span class='ocrx_word' id='word_1_256' title='bbox 1441 1997 1555 2035; x_wconf 89' lang='lat' dir='ltr'>Gavi-</span> 
     </span>
     <span class='ocr_line' id='line_1_27' title="bbox 63 2061 1552 2113; baseline 0.001 -14"><span class='ocrx_word' id='word_1_257' title='bbox 63 2075 131 2098; x_wconf 78' lang='lat' dir='ltr'>sus</span> <span class='ocrx_word' id='word_1_258' title='bbox 155 2069 216 2099; x_wconf 84' lang='lat' dir='ltr'>est</span> <span class='ocrx_word' id='word_1_259' title='bbox 243 2069 374 2099; x_wconf 88' lang='lat' dir='ltr'>autem</span> <span class='ocrx_word' id='word_1_260' title='bbox 392 2061 623 2099; x_wconf 87' lang='lat' dir='ltr'>Clodoveus</span> <span class='ocrx_word' id='word_1_261' title='bbox 646 2075 731 2105; x_wconf 79' lang='lat' dir='ltr'>rex,</span> <span class='ocrx_word' id='word_1_262' title='bbox 763 2075 929 2112; x_wconf 87' lang='lat' dir='ltr'>eamque</span> <span class='ocrx_word' id='word_1_263' title='bbox 946 2061 985 2098; x_wconf 89' lang='lat' dir='ltr'>in</span> <span class='ocrx_word' id='word_1_264' title='bbox 1014 2061 1312 2099; x_wconf 83' lang='lat' dir='ltr'>matrimonium</span> <span class='ocrx_word' id='word_1_265' title='bbox 1336 2063 1552 2113; x_wconf 77' lang='lat' dir='ltr'>copulavit.</span> 
     </span>
     <span class='ocr_line' id='line_1_28' title="bbox 61 2127 1555 2178; baseline 0.001 -14"><span class='ocrx_word' id='word_1_266' title='bbox 61 2127 162 2164; x_wconf 88' lang='lat' dir='ltr'>Cum</span> <span class='ocrx_word' id='word_1_267' title='bbox 185 2135 294 2164; x_wconf 88' lang='lat' dir='ltr'>esset</span> <span class='ocrx_word' id='word_1_268' title='bbox 323 2140 416 2164; x_wconf 83' lang='lat' dir='ltr'>sero</span> <span class='ocrx_word' id='word_1_269' title='bbox 445 2127 509 2164; x_wconf 90' lang='lat' dir='ltr'>die</span> <span class='ocrx_word' id='word_1_270' title='bbox 537 2127 619 2171; x_wconf 89' lang='lat' dir='ltr'>illa,</span> <span class='ocrx_word' id='word_1_271' title='bbox 650 2128 812 2177; x_wconf 86' lang='lat' dir='ltr'>quando</span> <span class='ocrx_word' id='word_1_272' title='bbox 842 2127 961 2164; x_wconf 88' lang='lat' dir='ltr'>simul</span> <span class='ocrx_word' id='word_1_273' title='bbox 988 2127 1157 2178; x_wconf 90' lang='lat' dir='ltr'>nuptiali</span> <span class='ocrx_word' id='word_1_274' title='bbox 1186 2141 1296 2165; x_wconf 80' lang='lat' dir='ltr'>inore</span> <span class='ocrx_word' id='word_1_275' title='bbox 1319 2130 1555 2165; x_wconf 87' lang='lat' dir='ltr'>accumbere</span> 
     </span>
     <span class='ocr_line' id='line_1_29' title="bbox 60 2192 1552 2243; baseline 0 -14"><span class='ocrx_word' id='word_1_276' title='bbox 60 2192 271 2237; x_wconf 85' lang='lat' dir='ltr'>deberent⁷</span> <span class='ocrx_word' id='word_1_277' title='bbox 290 2201 327 2230; x_wconf 87' lang='lat' dir='ltr'>at</span> <span class='ocrx_word' id='word_1_278' title='bbox 340 2192 407 2229; x_wconf 86' lang='lat' dir='ltr'>illa</span> <span class='ocrx_word' id='word_1_279' title='bbox 422 2192 639 2243; x_wconf 87' lang='lat' dir='ltr'>prudentie</span> <span class='ocrx_word' id='word_1_280' title='bbox 657 2206 727 2229; x_wconf 87' lang='lat' dir='ltr'>sue</span> <span class='ocrx_word' id='word_1_281' title='bbox 744 2206 855 2229; x_wconf 89' lang='lat' dir='ltr'>more</span> <span class='ocrx_word' id='word_1_282' title='bbox 872 2206 1083 2237; x_wconf 83' lang='lat' dir='ltr'>conversa,</span> <span class='ocrx_word' id='word_1_283' title='bbox 1103 2193 1253 2230; x_wconf 79' lang='lat' dir='ltr'>conlisa</span> <span class='ocrx_word' id='word_1_284' title='bbox 1270 2193 1310 2230; x_wconf 89' lang='lat' dir='ltr'>in</span> <span class='ocrx_word' id='word_1_285' title='bbox 1328 2193 1455 2230; x_wconf 89' lang='lat' dir='ltr'>Deum</span> <span class='ocrx_word' id='word_1_286' title='bbox 1474 2194 1526 2231; x_wconf 87' lang='lat' dir='ltr'>ait</span> <span class='ocrx_word' id='word_1_287' title='bbox 1546 2208 1552 2229; x_wconf 91' lang='lat'><strong>:</strong></span> 
     </span>
     <span class='ocr_line' id='line_1_30' title="bbox 66 2257 1555 2309; baseline 0.001 -15"><span class='ocrx_word' id='word_1_288' title='bbox 66 2274 81 2293; x_wconf 85' lang='lat'>«</span> <span class='ocrx_word' id='word_1_289' title='bbox 117 2258 274 2295; x_wconf 89' lang='lat' dir='ltr'>Domne</span> <span class='ocrx_word' id='word_1_290' title='bbox 291 2258 342 2295; x_wconf 87' lang='lat' dir='ltr'>mi</span> <span class='ocrx_word' id='word_1_291' title='bbox 366 2271 451 2299; x_wconf 76' lang='lat' dir='ltr'>rex,</span> <span class='ocrx_word' id='word_1_292' title='bbox 470 2258 562 2295; x_wconf 90' lang='lat' dir='ltr'>audi</span> <span class='ocrx_word' id='word_1_293' title='bbox 579 2257 764 2295; x_wconf 88' lang='lat' dir='ltr'>ancillam</span> <span class='ocrx_word' id='word_1_294' title='bbox 787 2266 908 2301; x_wconf 87' lang='lat' dir='ltr'>tuam,</span> <span class='ocrx_word' id='word_1_295' title='bbox 939 2266 977 2295; x_wconf 89' lang='lat' dir='ltr'>et</span> <span class='ocrx_word' id='word_1_296' title='bbox 1000 2259 1224 2295; x_wconf 84' lang='lat' dir='ltr'>concedere</span> <span class='ocrx_word' id='word_1_297' title='bbox 1240 2259 1423 2309; x_wconf 74' lang='lat' dir='ltr'>digneris</span> <span class='ocrx_word' id='word_1_298' title='bbox 1447 2260 1555 2309; x_wconf 76' lang='lat' dir='ltr'>quod</span> 
     </span>
     <span class='ocr_line' id='line_1_31' title="bbox 66 2323 1552 2375; baseline -0.001 -16"><span class='ocrx_word' id='word_1_299' title='bbox 66 2339 82 2359; x_wconf 83' lang='lat'>«</span> <span class='ocrx_word' id='word_1_300' title='bbox 117 2324 331 2375; x_wconf 83' lang='lat' dir='ltr'>deprecor,</span> <span class='ocrx_word' id='word_1_301' title='bbox 362 2332 575 2374; x_wconf 86' lang='lat' dir='ltr'>antequam</span> <span class='ocrx_word' id='word_1_302' title='bbox 598 2323 743 2360; x_wconf 78' lang='lat' dir='ltr'>famula</span> <span class='ocrx_word' id='word_1_303' title='bbox 775 2332 842 2361; x_wconf 86' lang='lat' dir='ltr'>tua</span> <span class='ocrx_word' id='word_1_304' title='bbox 867 2331 1004 2360; x_wconf 77' lang='lat' dir='ltr'>vestre</span> <span class='ocrx_word' id='word_1_305' title='bbox 1030 2324 1318 2361; x_wconf 85' lang='lat' dir='ltr'>dominationis</span> <span class='ocrx_word' id='word_1_306' title='bbox 1348 2337 1499 2361; x_wconf 83' lang='lat' dir='ltr'>coeam.</span> <span class='ocrx_word' id='word_1_307' title='bbox 1536 2340 1552 2359; x_wconf 85' lang='lat'>»</span> 
     </span>
     <span class='ocr_line' id='line_1_32' title="bbox 66 2387 1555 2440; baseline 0.001 -15"><span class='ocrx_word' id='word_1_308' title='bbox 66 2388 203 2426; x_wconf 81' lang='lat' dir='ltr'>Etrex</span> <span class='ocrx_word' id='word_1_309' title='bbox 224 2388 302 2426; x_wconf 86' lang='lat' dir='ltr'>ait:</span> <span class='ocrx_word' id='word_1_310' title='bbox 325 2387 529 2425; x_wconf 87' lang='lat' dir='ltr'>«Postula</span> <span class='ocrx_word' id='word_1_311' title='bbox 551 2388 649 2438; x_wconf 87' lang='lat' dir='ltr'>quid</span> <span class='ocrx_word' id='word_1_312' title='bbox 664 2388 741 2431; x_wconf 86' lang='lat' dir='ltr'>vis,</span> <span class='ocrx_word' id='word_1_313' title='bbox 767 2396 804 2424; x_wconf 90' lang='lat' dir='ltr'>et</span> <span class='ocrx_word' id='word_1_314' title='bbox 832 2402 908 2439; x_wconf 89' lang='lat' dir='ltr'>ego</span> <span class='ocrx_word' id='word_1_315' title='bbox 937 2389 1169 2426; x_wconf 86' lang='lat' dir='ltr'>concedam.</span> <span class='ocrx_word' id='word_1_316' title='bbox 1193 2404 1208 2422; x_wconf 64' lang='lat'>&gt;³</span> <span class='ocrx_word' id='word_1_317' title='bbox 1235 2388 1286 2426; x_wconf 80' lang='lat' dir='ltr'>Et</span> <span class='ocrx_word' id='word_1_318' title='bbox 1318 2389 1384 2426; x_wconf 90' lang='lat' dir='ltr'>illa</span> <span class='ocrx_word' id='word_1_319' title='bbox 1416 2398 1555 2440; x_wconf 83' lang='lat' dir='ltr'>postu-</span> 
     </span>
     <span class='ocr_line' id='line_1_33' title="bbox 65 2452 1553 2505; baseline 0.001 -16"><span class='ocrx_word' id='word_1_320' title='bbox 65 2452 158 2491; x_wconf 86' lang='lat' dir='ltr'>lavit</span> <span class='ocrx_word' id='word_1_321' title='bbox 173 2453 337 2490; x_wconf 87' lang='lat' dir='ltr'>dicens:</span> <span class='ocrx_word' id='word_1_322' title='bbox 360 2452 577 2490; x_wconf 85' lang='lat' dir='ltr'>«Primum</span> <span class='ocrx_word' id='word_1_323' title='bbox 593 2460 687 2504; x_wconf 89' lang='lat' dir='ltr'>peto</span> <span class='ocrx_word' id='word_1_324' title='bbox 711 2461 752 2490; x_wconf 91' lang='lat' dir='ltr'>ut</span> <span class='ocrx_word' id='word_1_325' title='bbox 777 2453 908 2490; x_wconf 86' lang='lat' dir='ltr'>Deum</span> <span class='ocrx_word' id='word_1_326' title='bbox 931 2453 1021 2497; x_wconf 90' lang='lat' dir='ltr'>celi,</span> <span class='ocrx_word' id='word_1_327' title='bbox 1050 2461 1206 2504; x_wconf 84' lang='lat' dir='ltr'>patrem</span> <span class='ocrx_word' id='word_1_328' title='bbox 1235 2454 1553 2505; x_wconf 88' lang='lat' dir='ltr'>omnipotentem</span> 
     </span>
     <span class='ocr_line' id='line_1_34' title="bbox 66 2518 1552 2570; baseline 0.002 -16"><span class='ocrx_word' id='word_1_329' title='bbox 66 2534 82 2554; x_wconf 73' lang='grc' dir='ltr'>ε(</span> <span class='ocrx_word' id='word_1_330' title='bbox 116 2519 258 2557; x_wconf 84' lang='lat' dir='ltr'>credas</span> <span class='ocrx_word' id='word_1_331' title='bbox 301 2519 369 2570; x_wconf 91' lang='lat' dir='ltr'>qui</span> <span class='ocrx_word' id='word_1_332' title='bbox 403 2527 440 2557; x_wconf 88' lang='lat' dir='ltr'>te</span> <span class='ocrx_word' id='word_1_333' title='bbox 474 2518 638 2556; x_wconf 85' lang='lat' dir='ltr'>creavit.</span> <span class='ocrx_word' id='word_1_334' title='bbox 685 2518 888 2565; x_wconf 89' lang='lat' dir='ltr'>Secundo,</span> <span class='ocrx_word' id='word_1_335' title='bbox 934 2520 1126 2557; x_wconf 82' lang='lat' dir='ltr'>confitere</span> <span class='ocrx_word' id='word_1_336' title='bbox 1161 2519 1378 2557; x_wconf 88' lang='lat' dir='ltr'>Dominum</span> <span class='ocrx_word' id='word_1_337' title='bbox 1412 2520 1552 2557; x_wconf 84' lang='lat' dir='ltr'>Jesum</span> 
     </span>
    </p>
   </div>
   <div class='ocr_carea' id='block_1_3' title="bbox 63 2702 1552 2792">
    <p class='ocr_par' dir='ltr' id='par_1_3' title="bbox 63 2702 1552 2786">
     <span class='ocr_line' id='line_1_35' title="bbox 104 2702 1552 2745; baseline -0.001 -11"><span class='ocrx_word' id='word_1_338' title='bbox 104 2703 139 2745; x_wconf 92' lang='lat' dir='ltr'>h)</span> <span class='ocrx_word' id='word_1_339' title='bbox 154 2703 304 2745; x_wconf 80' lang='lat' dir='ltr'>accipiat</span> <span class='ocrx_word' id='word_1_340' title='bbox 319 2703 354 2734; x_wconf 85' lang='lat' dir='ltr'>E.</span> <span class='ocrx_word' id='word_1_341' title='bbox 377 2722 418 2726; x_wconf 97' lang='lat'><strong>—</strong></span> <span class='ocrx_word' id='word_1_342' title='bbox 436 2703 460 2743; x_wconf 79' lang='lat' dir='ltr'>i)</span> <span class='ocrx_word' id='word_1_343' title='bbox 489 2702 541 2733; x_wconf 81' lang='lat' dir='ltr'>sin</span> <span class='ocrx_word' id='word_1_344' title='bbox 560 2706 675 2733; x_wconf 76' lang='lat' dir='ltr'>autem</span> <span class='ocrx_word' id='word_1_345' title='bbox 690 2703 727 2738; x_wconf 80' lang='lat' dir='ltr'>A,</span> <span class='ocrx_word' id='word_1_346' title='bbox 751 2703 789 2737; x_wconf 97' lang='lat' dir='ltr'>D</span> <span class='ocrx_word' id='word_1_347' title='bbox 812 2703 848 2733; x_wconf 86' lang='lat' dir='ltr'>E.</span> <span class='ocrx_word' id='word_1_348' title='bbox 871 2721 912 2726; x_wconf 91' lang='grc'>--</span> <span class='ocrx_word' id='word_1_349' title='bbox 929 2702 954 2743; x_wconf 72' lang='lat' dir='ltr'>ju</span> <span class='ocrx_word' id='word_1_350' title='bbox 972 2703 1165 2734; x_wconf 81' lang='lat' dir='ltr'>vindicetur</span> <span class='ocrx_word' id='word_1_351' title='bbox 1193 2714 1243 2733; x_wconf 78' lang='lat' dir='ltr'>cn:</span> <span class='ocrx_word' id='word_1_352' title='bbox 1247 2714 1334 2733; x_wconf 78' lang='lat' dir='ltr'>isam</span> <span class='ocrx_word' id='word_1_353' title='bbox 1363 2703 1552 2733; x_wconf 86' lang='lat' dir='ltr'>multorum</span> 
     </span>
     <span class='ocr_line' id='line_1_36' title="bbox 63 2744 1552 2792; baseline -0.001 -16"><span class='ocrx_word' id='word_1_354' title='bbox 63 2746 98 2776; x_wconf 93' lang='lat' dir='ltr'>F.</span> <span class='ocrx_word' id='word_1_355' title='bbox 116 2746 287 2777; x_wconf 78' lang='lat' dir='ltr'>vindicem</span> <span class='ocrx_word' id='word_1_356' title='bbox 315 2745 521 2792; x_wconf 78' lang='lat' dir='ltr'>sanguinem</span> <span class='ocrx_word' id='word_1_357' title='bbox 543 2744 581 2775; x_wconf 91' lang='lat' dir='ltr'>G.</span> <span class='ocrx_word' id='word_1_358' title='bbox 603 2762 645 2767; x_wconf 90' lang='lat'>—</span> <span class='ocrx_word' id='word_1_359' title='bbox 666 2745 699 2777; x_wconf 88' lang='lat' dir='ltr'>k)</span> <span class='ocrx_word' id='word_1_360' title='bbox 714 2745 814 2775; x_wconf 82' lang='lat' dir='ltr'>valde</span> <span class='ocrx_word' id='word_1_361' title='bbox 834 2744 976 2779; x_wconf 47' lang='lat' dir='ltr'>deeffistl</span> <span class='ocrx_word' id='word_1_362' title='bbox 1001 2745 1038 2774; x_wconf 86' lang='grc'>(“</span> <span class='ocrx_word' id='word_1_363' title='bbox 1063 2763 1102 2767; x_wconf 87' lang='lat'><em>-</em></span> <span class='ocrx_word' id='word_1_364' title='bbox 1117 2745 1138 2775; x_wconf 71' lang='lat' dir='ltr'>ll</span> <span class='ocrx_word' id='word_1_365' title='bbox 1161 2749 1193 2774; x_wconf 80' lang='lat' dir='ltr'>et</span> <span class='ocrx_word' id='word_1_366' title='bbox 1214 2745 1375 2775; x_wconf 76' lang='lat' dir='ltr'>Clodovei</span> <span class='ocrx_word' id='word_1_367' title='bbox 1397 2745 1489 2774; x_wconf 69' lang='lat' dir='ltr'>‹lczsl</span> <span class='ocrx_word' id='word_1_368' title='bbox 1517 2746 1552 2779; x_wconf 88' lang='lat' dir='ltr'>l·,</span> 
     </span>
    </p>
   </div>
   <div class='ocr_carea' id='block_1_4' title="bbox 63 2769 1551 2867">
    <p class='ocr_par' dir='ltr' id='par_1_4' title="bbox 63 2769 1551 2867">
     <span class='ocr_line' id='line_1_37' title="bbox 63 2769 1551 2827; baseline -0.001 -10"><span class='ocrx_word' id='word_1_369' title='bbox 63 2787 103 2818; x_wconf 83' lang='lat' dir='ltr'>G.</span> <span class='ocrx_word' id='word_1_370' title='bbox 125 2786 601 2827; x_wconf 63' lang='lat' dir='ltr'>—1n)Bu1·g-und10nesxelo</span> <span class='ocrx_word' id='word_1_371' title='bbox 623 2786 659 2820; x_wconf 84' lang='lat' dir='ltr'>E,</span> <span class='ocrx_word' id='word_1_372' title='bbox 683 2786 718 2821; x_wconf 90' lang='lat' dir='ltr'>F</span> <span class='ocrx_word' id='word_1_373' title='bbox 742 2786 780 2816; x_wconf 89' lang='lat' dir='ltr'>G</span> <span class='ocrx_word' id='word_1_374' title='bbox 804 2786 954 2825; x_wconf 78' lang='lat' dir='ltr'>—n&gt;13t</span> <span class='ocrx_word' id='word_1_375' title='bbox 987 2769 1043 2815; x_wconf 80' lang='lat' dir='ltr'>ille</span> <span class='ocrx_word' id='word_1_376' title='bbox 1071 2786 1167 2820; x_wconf 83' lang='lat' dir='ltr'>dixit,</span> <span class='ocrx_word' id='word_1_377' title='bbox 1197 2786 1290 2815; x_wconf 71' lang='lat' dir='ltr'>‹lec-sl</span> <span class='ocrx_word' id='word_1_378' title='bbox 1325 2786 1362 2816; x_wconf 88' lang='lat' dir='ltr'>D</span> <span class='ocrx_word' id='word_1_379' title='bbox 1394 2786 1551 2818; x_wconf 52' lang='lat'>12.1‘&#39;,‹,&#39;.</span> 
     </span>
     <span class='ocr_line' id='line_1_38' title="bbox 64 2827 1120 2867; baseline -0.003 -8"><span class='ocrx_word' id='word_1_380' title='bbox 64 2846 105 2851; x_wconf 90' lang='lat'>-—</span> <span class='ocrx_word' id='word_1_381' title='bbox 131 2830 163 2867; x_wconf 88' lang='lat' dir='ltr'>o)</span> <span class='ocrx_word' id='word_1_382' title='bbox 186 2828 383 2858; x_wconf 83' lang='lat' dir='ltr'>Suessionis</span> <span class='ocrx_word' id='word_1_383' title='bbox 405 2828 582 2859; x_wconf 83' lang='lat' dir='ltr'>civitatem</span> <span class='ocrx_word' id='word_1_384' title='bbox 602 2827 637 2857; x_wconf 88' lang='lat' dir='ltr'>in</span> <span class='ocrx_word' id='word_1_385' title='bbox 658 2827 841 2857; x_wconf 79' lang='lat' dir='ltr'>Franciam</span> <span class='ocrx_word' id='word_1_386' title='bbox 855 2827 949 2857; x_wconf 75' lang='lat' dir='ltr'>deest</span> <span class='ocrx_word' id='word_1_387' title='bbox 971 2827 1008 2861; x_wconf 86' lang='lat' dir='ltr'>E,</span> <span class='ocrx_word' id='word_1_388' title='bbox 1026 2828 1061 2862; x_wconf 85' lang='lat' dir='ltr'>F,</span> <span class='ocrx_word' id='word_1_389' title='bbox 1080 2827 1120 2857; x_wconf 82' lang='lat' dir='ltr'>G.</span> 
     </span>
    </p>
   </div>
  </div>
 </body>
</html>
