1908 3256
261 277 311 312 :30
781 289 969 315 Animam
1003 290 1242 315 cunoxlcox

261 388 391 417 catum
409 379 622 418 Wileearii
642 389 680 419 et
700 381 839 419 uxoris
862 379 949 433 ejus
970 389 1251 419 succensaest.
1275 381 1404 428 Quam
1427 390 1570 432 postea
1594 382 1761 421 Clotha-

259 445 343 483 rius
363 458 434 483 rex
456 454 600 497 stagno
616 451 630 467 V
663 447 875 497 cooperire
892 445 1031 498 jussit,
1072 455 1110 484 et
1147 447 1186 484 in
1223 447 1347 493 illam,
1384 455 1425 484 ut
1456 447 1572 497 prius
1614 449 1757 494 fuerat,

258 511 506 562 eleg-nnciam
529 512 746 563 reparavit.
785 511 886 550 Post
909 511 996 558 hec,
1023 512 1256 550 Clotharius
1293 526 1378 559 rex,
1416 521 1617 550 commoto
1641 527 1759 551 exer-

258 577 352 623 citu,
372 586 511 615 contra
529 577 774 616 Chramnum
795 578 834 615 in
853 578 1075 616 Britaniam
1094 579 1286 616 frendens
1306 578 1467 616 direxit.
1488 578 1569 616 Sed
1587 578 1759 617 Chram-

256 657 332 681 nus
356 658 435 681 non
458 644 603 682 timens
645 653 784 682 contra
824 653 979 695 patrem
1024 645 1072 681 ad
1108 644 1257 681 bellum
1299 658 1387 681 cum
1411 644 1618 690 Conobro‚
1660 658 1757 696 rege

258 708 533 755 Britanorum,
558 710 780 761 egreditur.
813 710 996 761 Cumque
1033 709 1191 747 sortiter
1227 718 1564 761 compugnarent,
1590 709 1758 748 Clotha-

257 775 340 813 rius
362 788 433 813 rex
454 785 678 813 commotus
708 775 886 813 lacrimis
907 776 960 813 ait
987 790 993 811 :
1035 792 1052 810 «
1074 775 1267 827 Respice,
1305 775 1478 822 Domne,
1522 776 1572 814 de
1609 775 1696 813 celo
1719 785 1758 814 et

257 858 271 874 κ(
302 839 411 892 juste
429 840 567 892 judica
589 841 688 878 illud
710 842 819 892 quod
842 842 947 878 inter
969 840 1151 879 Absalon
1192 850 1229 879 et
1269 850 1425 892 patrem
1466 839 1552 893 ejus
1590 841 1723 879 David
1740 847 1756 863 ¹

257 923 271 940 c<
306 907 496 957 posuisti.
522 923 538 941 >›
575 907 938 958 Conlligentesque
972 907 1127 958 pariter
1160 906 1440 945 Brittanorum
1463 920 1536 945 rex
1557 907 1599 944 in
1618 908 1753 959 fugam

252 973 423 1011 vertitur
445 982 482 1011 et
505 973 559 1010 ibi
582 973 742 1018 cecidit,
764 972 995 1011 Chramnus
1016 986 1178 1024 quoque
1200 973 1293 1011 dum
1316 987 1390 1024 per
1425 974 1560 1025 fugam
1582 974 1754 1011 evadere

253 1048 481 1084 conaretur,
506 1053 629 1076 naves
651 1040 692 1076 in
715 1052 822 1076 mare
846 1048 1008 1090 paratas
1044 1039 1213 1085 liabens,
1251 1040 1345 1077 dum
1376 1053 1543 1077 uxorem
1572 1047 1610 1077 et
1647 1039 1753 1077 filios

252 1104 425 1142 liberare
447 1105 532 1142 vult
554 1106 602 1142 ab
625 1105 804 1142 exercitu
844 1105 989 1155 patris,
1024 1105 1250 1155 obpressus
1280 1113 1421 1156 captus
1446 1113 1565 1157 atque
1603 1105 1752 1156 ligatus

251 1179 325 1207 est.
352 1170 470 1218 Quod
492 1185 580 1207 cum
604 1170 811 1208 Clothario
834 1171 924 1222 regi
961 1171 1194 1208 nunciatum
1218 1179 1341 1217 esset,
1371 1169 1497 1222 jussit
1529 1184 1620 1209 eum
1661 1184 1751 1208 cum

250 1249 374 1273 uxore
398 1245 435 1273 et
456 1236 614 1273 filiabus
634 1236 726 1287 igne
751 1236 952 1274 consumi.
977 1236 1210 1287 Ine-lusique
1240 1245 1333 1274 sunt
1350 1237 1515 1288 tugurio
1539 1234 1750 1288 cujusdam

250 1302 512 1353 paupercule,
539 1311 575 1339 et
592 1302 820 1340 Cliramnus
841 1316 966 1353 super
983 1315 1191 1340 scamnum
1209 1311 1410 1349 extentus,
1435 1302 1572 1340 orario
1591 1302 1751 1354 suggil-

249 1367 351 1405 latus
374 1377 449 1414 est,
472 1377 509 1406 et
533 1369 588 1405 sic
611 1377 754 1419 postea
777 1382 902 1420 super
926 1382 995 1406 eos
1015 1369 1105 1420 ipsa
1125 1368 1274 1406 casella
1297 1369 1465 1407 incensa
1486 1377 1548 1406 est
1581 1377 1619 1406 et
1654 1369 1748 1420 igne

247 1434 445 1471 combusti
478 1443 584 1472 sunt.

302 1502 360 1537 ⁴28.
379 1523 429 1528 -—
448 1500 558 1538 Tunc
580 1514 741 1552 quoque
761 1500 841 1538 illis
864 1501 1118 1552 temporibus
1148 1502 1290 1539 beatus
1325 1500 1547 1539 Medardus
1582 1501 1747 1552 episco-

246 1579 337 1615 pus,
362 1567 507 1617 plenus
528 1558 747 1604 virtutibi'ls
770 1575 807 1603 et
820 1567 966 1618 gloria,
980 1567 1170 1618 migravit
1189 1568 1237 1604 ad
1255 1567 1490 1613 Dominum,
1513 1580 1633 1618 quem
1652 1566 1743 1605 Clo-

244 1630 398 1669 tharius
420 1646 491 1670 rex
513 1632 749 1669 Suessionis
789 1632 990 1670 civitatem
1030 1646 1119 1670 cum
1158 1646 1304 1684 magno
1328 1632 1591 1684 psallentium
1614 1645 1742 1684 appa-

242 1705 329 1734 ratu
351 1698 529 1749 gloriose
553 1698 755 1749 sepelivit,
778 1698 881 1736 datis
904 1698 961 1735 illi
979 1704 994 1725 θ’
1034 1698 1169 1736 multis
1202 1698 1475 1736 facultatibus.
1516 1697 1605 1735 Rex
1640 1711 1739 1736 vero

244 1762 474 1801 Clotharius
509 1766 557 1801 ab
598 1764 703 1802 beati
743 1764 908 1801 Martini
943 1764 1204 1816 sepulchrum
1240 1765 1352 1810 abiit,
1388 1764 1471 1802 illic
1509 1764 1740 1802 diutissime

242 1842 378 1875 orans,
403 1830 539 1881 ibique
562 1830 685 1867 multa
702 1843 869 1868 munera
890 1830 1061 1882 largitus
1079 1839 1139 1868 est
1154 1844 1229 1882 per
1248 1829 1392 1868 multas
1411 1829 1602 1867 basilicas
1620 1843 1740 1868 sanc-

240 1903 386 1933 torum.
412 1895 511 1933 Post
533 1895 605 1933 hec
628 1896 667 1933 in
691 1896 807 1934 Cotia
830 1896 945 1942 silva,
970 1897 1063 1934 dum
1096 1897 1353 1935 venationem
1376 1904 1600 1943 exerceret,
1626 1897 1738 1934 febre

240 1961 374 1999 valida
401 1971 629 2014 correptus,
667 1963 811 2001 exinde
848 1962 1102 2014 Compendio
1134 1963 1231 2000 villa
1264 1962 1398 2001 rediit.
1439 1961 1483 2000 In
1516 1975 1610 2014 qua,
1648 1975 1738 2001 cum

240 2028 420 2079 graviter
439 2037 668 2075 vexaretur,
702 2029 861 2067 dicebat
886 2044 892 2065 :
930 2045 947 2065 (ε
970 2028 1056 2066 Vah
1076 2031 1083 2066 2
1119 2028 1231 2066 Vah!
1269 2028 1367 2080 quid
1389 2028 1540 2080 putatis
1571 2034 1584 2050 Ζ
1605 2028 1737 2080 qualis

243 2108 259 2127 ι(
294 2101 356 2131 est
375 2093 443 2132 ille
464 2107 536 2132 rex
557 2094 746 2133 coelestis
769 2095 838 2147 qui
860 2095 919 2132 sic
946 2103 1025 2133 tam
1049 2107 1218 2146 magnos
1252 2107 1373 2145 reges
1406 2093 1623 2132 interfecit.
1645 2109 1662 2128 n
1690 2092 1734 2132 In

239 2157 313 2196 hoc
336 2159 442 2197 enim
464 2160 572 2198 tedio
594 2161 770 2212 positus,
795 2161 984 2212 spiritum
1019 2160 1220 2198 exhalavit
1254 2173 1358 2198 anno
1396 2159 1737 2212 quinquagesimo

237 2228 369 2275 primo
391 2227 507 2277 regni
531 2227 607 2264 sui.
634 2227 762 2274 Quem
785 2235 975 2278 quattuor
989 2227 1060 2264 filii
1079 2227 1140 2265 sui
1164 2240 1254 2264 cum
1274 2239 1419 2278 magno
1434 2225 1588 2264 honore
1610 2225 1737 2264 Sues-

240 2290 368 2328 sionis
388 2292 633 2337 deferentes,
655 2293 694 2330 in
717 2293 886 2330 basilica
909 2293 1046 2331 Sancti
1068 2292 1256 2330 Medardi
1276 2291 1541 2343 sepelierunt.
1567 2290 1736 2343 Chilpe-

237 2356 347 2394 ricus
371 2371 469 2394 vero
490 2367 584 2409 post
604 2359 732 2409 patris
768 2359 830 2396 sui
853 2367 1023 2396 mortem
1046 2358 1264 2396 thesauros
1287 2357 1356 2409 qui
1379 2357 1420 2394 in
1440 2356 1537 2394 villa
1558 2356 1734 2395 Brinaco

240 2431 355 2460 erant
385 2424 636 2475 congregati,
673 2425 842 2476 accepit,
880 2433 918 2462 et
952 2424 1132 2462 Francos
1165 2424 1350 2462 utiliores
1385 2422 1733 2475 petiitssipsosque

239 2489 482 2526 muneribus
503 2489 638 2526 multis
661 2490 843 2528 subdidit
865 2490 958 2537 sibi,
984 2499 1021 2528 et
1043 2504 1134 2527 mox
1159 2489 1344 2527 Parisius
1378 2488 1624 2539 ingreditur,
1666 2502 1732 2526 se-

239 2553 416 2604 demque
440 2554 691 2593 Childeberti
725 2556 835 2608 regis
876 2565 1061 2607 occupat,
1102 2557 1174 2593 sed
1207 2569 1288 2593 non
1322 2554 1390 2591 diu
1428 2553 1542 2591 licuit
1579 2554 1615 2592 ei
1656 2553 1732 2592 hoc
1767 2604 1770 2608 ἡ

233 2619 474 2669 possidere,
498 2634 588 2658 nam
612 2620 814 2673 conjuncti
839 2623 983 2660 fratres
1008 2620 1094 2673 ejus
1117 2635 1206 2659 eum
1242 2621 1388 2658 exinde
1411 2619 1669 2670 expulerunt,
1693 2628 1731 2658 et

272 2752 305 2792 v)
329 2756 484 2782 stramno
506 2753 543 2789 F,
562 2757 698 2783 stamno
726 2753 764 2784 G.
793 2772 834 2777 -
864 2754 896 2794 x)
919 2753 1029 2785 David
1055 2754 1148 2784 deest
1168 2754 1203 2790 F,
1227 2753 1266 2785 G.
1288 2755 1377 2795 -y)
1397 2754 1468 2785 illis
1490 2755 1527 2785 A.
1555 2770 1597 2778 —
1614 2753 1645 2794 z)
1661 2763 1728 2794 pu-

227 2811 311 2841 tasti
332 2813 368 2841 A.
