1908 3256
251 256 301 292 415
775 266 957 291 Ant-mmm
990 265 1228 290 Cimoxtcox

252 358 396 394 desum·
403 366 456 395 to
474 358 531 393 Gr
536 356 724 393 ἰιιιῑιΙὼιιιι
740 356 862 392 filium
878 354 963 406 ‹jus
976 369 1009 391 111
1017 353 1101 405 i'ljol
1105 369 1124 389 e
1131 369 1164 391 ιιι
1179 356 1322 391 domus
1339 354 1525 391 instituit.
1544 353 1751 390 Defuncto

252 423 511 473 postmodum
544 422 759 472 Siocberto
783 435 894 472 leg(
927 420 1161 457 G111111ldm
1202 421 1325 457 filium
1362 418 1480 471 ejusb

1487 450 1495 465 ,
1536 418 1749 470 parvulum

256 488 286 525 D
294 490 445 538 ‘lgobcr
450 496 531 525 tum
554 488 742 532 totondit,
762 496 905 524 etcum
927 486 1103 531 Didone,
1123 486 1379 523 pictavensis
1401 485 1515 521 urbis
1533 483 1746 535 episcopo,

254 554 292 591 in
313 554 488 592 scotiam
511 554 856 605 peregrinandum
876 552 1039 597 direxit,
1061 552 1268 603 filiumque
1293 566 1408 589 suum
1436 551 1474 588 in
1516 563 1645 601 regno
1670 557 1752 587 sta-

253 621 340 658 tuit.
369 620 513 657 Franci
536 620 670 671 itaque
694 619 767 657 hoc
789 619 905 657 valde
928 618 1190 669 indignantes
1226 618 1438 655 Grimaldo
1462 616 1633 654 insidias
1656 629 1753 667 pre-

254 695 411 737 parant,
445 700 617 737 cumque
651 685 858 736 capientes
900 685 949 721 ad
984 685 1366 734 condempnandum
1388 682 1477 734 regi
1501 682 1752 719 Francorum

255 752 462 790 Clodov‹›o
476 753 676 790 deferunt.
701 752 779 800 Qui
803 751 1056 801 mancipatus
1090 751 1129 787 in
1165 764 1327 787 carcere
1367 749 1553 787 Parisius
1574 747 1752 787 vinculis

255 818 515 864 constrictus,
537 827 578 855 ut
597 827 681 855 erat
704 826 830 855 morte
853 817 1018 868 dignus,
1041 817 1150 867 quod
1182 816 1221 853 in
1244 816 1452 853 dominum
1488 828 1605 852 suum
1637 826 1754 852 exer-

255 884 350 930 cuit,
385 884 520 921 valido
552 884 730 921 cruciatu
767 883 888 920 vitam
910 882 1052 920 finivit.

310 952 369 988 43.
386 973 437 977 —
456 949 516 987 Eo
538 959 737 1000 tempore,
772 949 1004 986 Clodoveus
1042 962 1113 985 rex
1150 948 1358 986 brachium
1400 947 1537 985 Sancti
1575 945 1753 985 Dionisii

257 1016 460 1067 martyris,
477 1015 638 1053 diabolo
657 1015 892 1066 instigante,
909 1014 1098 1060 abscidit,
1111 1022 1149 1051 et
1167 1027 1242 1065 per
1260 1014 1389 1051 idemc
1409 1022 1572 1065 tempus
1582 1026 1753 1065 regnum

257 1083 504 1120 Francorum
520 1082 682 1119 casibus
704 1081 910 1133 pestiferis
931 1080 1123 1118 concidit.
1147 1080 1238 1118 Fuit
1257 1089 1389 1118 autem
1406 1080 1495 1132 ipse
1519 1079 1753 1118 Clodoveus

254 1148 362 1185 omni
382 1148 608 1199 spurciciae
628 1148 805 1193 deditus,
840 1146 1084 1184 fornicarius
1105 1155 1143 1184 et
1162 1146 1321 1183 inlusor
1361 1146 1618 1192 feminarum,
1658 1144 1752 1196 gule

256 1222 293 1251 et
315 1213 532 1252 ebrictated
551 1222 781 1259 contentus,
807 1211 926 1264 hujus
950 1221 1077 1250 morte
1102 1220 1140 1250 et
1160 1213 1238 1249 fine
1270 1212 1370 1249 nihil
1390 1212 1560 1264 dignum
1581 1210 1752 1248 historie

257 1280 451 1324 referunt,
477 1279 571 1330 quia
591 1279 770 1331 nequitie
794 1292 836 1315 se
861 1278 1056 1315 subdidit.
1093 1277 1245 1315 Habuit
1263 1286 1346 1315 tres
1382 1277 1487 1314 filios
1522 1290 1570 1314 ex
1592 1275 1752 1313 Batilde

256 1346 396 1396 regina
419 1360 425 1381 z
449 1346 688 1391 Clotarium,
711 1344 989 1382 Childericum
1008 1353 1046 1381 et
1065 1344 1377 1381 Theodericum.
1418 1343 1512 1392 Qui,
1537 1351 1754 1394 postquam

256 1411 440 1461 regnavit
459 1411 575 1448 aimis
598 1424 683 1457 xvi,
705 1419 888 1448 mortuus
908 1419 984 1456 est,
1006 1418 1044 1447 et
1062 1409 1286 1448 Clotarium
1314 1409 1440 1447 filium
1460 1406 1547 1460 ejus
1567 1421 1693 1460 super
1713 1421 1754 1444 se

260 1477 403 1514 Franci
425 1491 564 1528 regem
584 1486 779 1515 statuunt.

314 1546 438 1580 sisi.—
461 1543 520 1580 Eo
542 1552 725 1594 tempore
745 1544 935 1581 defuncto
959 1543 1205 1589 Ercanaldo,
1228 1540 1379 1594 majore
1406 1542 1566 1588 domus,
1608 1538 1753 1578 Franci

258 1610 295 1646 in
319 1610 516 1647 incertum
534 1610 787 1656 vacillantes,
809 1610 997 1660 prefinito
1033 1609 1205 1647 consilio
1226 1606 1591 1660 Ebroinumhujus
1626 1607 1756 1645 hono-

259 1677 313 1713 ris
336 1676 547 1713 altitudine
567 1669 759 1727 majorem
783 1677 927 1713 domus
953 1677 992 1712 in
1016 1676 1104 1713 aula
1127 1676 1238 1727 regis
1262 1684 1456 1713 statuunt.
1484 1675 1559 1712 His
1590 1674 1753 1719 diebus,

258 1742 462 1779 Clotarius
500 1756 571 1779 rex
598 1755 700 1793 puer
735 1742 850 1787 obiit,
886 1742 1154 1793 regnavitque
1178 1742 1294 1779 annis
1318 1754 1382 1778 1111
1406 1750 1444 1779 et
1478 1739 1756 1778 Theodericus

258 1809 380 1844 frater
399 1806 484 1858 ejus
505 1807 684 1845 elevatus
705 1816 766 1844 est
784 1820 856 1844 rex
876 1807 1141 1845 Francorum.
1171 1807 1451 1845 Childericum
1469 1806 1605 1858 itaque
1631 1805 1753 1843 alium

259 1874 420 1911 fratrem
444 1872 530 1925 ejus
551 1873 590 1910 in
610 1872 784 1910 Austros
808 1887 887 1910 una
906 1887 994 1911 cum
1014 1873 1213 1911 Vulfoado
1233 1874 1334 1911 duce
1347 1886 1520 1924 regnum
1543 1871 1756 1923 suscipere

258 1938 453 1990 dirigunt.
476 1939 588 1976 Tunc
610 1938 754 1975 Franci
775 1939 971 1977 adversus
998 1938 1225 1976 Ebroinum
1247 1938 1419 1975 insidias
1458 1945 1697 1990 preparant,
1718 1945 1756 1974 et

259 2018 385 2056 super
407 2004 702 2042 Theoderitj·uln
723 2005 956 2056 insurgunt,
977 2013 1015 2042 et
1029 2019 1118 2042 eum
1138 2006 1187 2042 de
1206 2018 1335 2056 regno
1358 2004 1523 2051 eiciunt,
1540 2004 1757 2055 crinesque

260 2070 405 2121 capitis
426 2071 635 2107 amborum
664 2070 703 2107 vi
738 2070 1020 2108 abstrahentes
1055 2071 1240 2108 incidunt
1269 2079 1306 2108 et
1333 2070 1561 2108 Ebroinum
1594 2078 1757 2108 tonsum

262 2135 441 2173 Luxovio
465 2135 710 2173 monasterio
734 2135 774 2172 in
797 2135 1079 2187 Burgundiam
1117 2136 1315 2189 dirigunt,
1338 2145 1376 2174 et
1394 2136 1557 2174 mittunt
1590 2135 1631 2173 in
1648 2134 1758 2174 Aus-

259 2210 344 2238 tros
364 2201 607 2252 legationem
627 2209 798 2252 propter
826 2201 1118 2239 Childericum.
1149 2202 1228 2250 Qui
1263 2216 1353 2240 cum
1393 2202 1624 2240 vulfoadoe
1657 2202 1758 2239 duce

259 2267 427 2304 veniens
448 2267 487 2303 in
510 2280 680 2318 regnum
699 2265 711 2288 ¹
730 2267 978 2304 Francorum
998 2267 1177 2305 elevatus
1198 2277 1273 2305 est.
1293 2268 1393 2306 Erat
1409 2281 1508 2306 vero
1530 2268 1621 2319 ipse
1642 2266 1757 2305 Chil-

261 2332 421 2370 dericus
442 2332 561 2369 nimis
580 2332 681 2371 levis
701 2341 739 2369 et
761 2333 894 2369 omnia
925 2332 1083 2370 incaute
1125 2347 1345 2385 peragens,
1372 2342 1410 2371 et
1433 2333 1617 2371 Francos
1639 2332 1757 2371 valde

261 2398 499 2449 opprimens
517 2398 730 2435 maximum
749 2398 982 2435 scandalum
994 2399 1051 2436 eis
1067 2399 1251 2437 faciebat.
1274 2399 1375 2438 Nam
1390 2413 1515 2437 unum
1535 2399 1752 2444 Francum,

262 2464 423 2501 nomin«¹
442 2463 699 2510 Bodiloncm,
721 2465 770 2500 ad
794 2464 976 2515 stipitum
996 2473 1156 2501 tensum
1179 2466 1267 2503 cedi
1289 2465 1407 2503 valde
1440 2465 1527 2502 sine
1552 2465 1642 2517 lege
1661 2478 1758 2517 pre-

263 2529 410 2580 cepitss'.
435 2530 552 2577 Quod
573 2529 759 2567 videntes
781 2530 942 2575 Franci,
965 2530 1004 2566 in
1024 2531 1083 2567 ira
1107 2545 1250 2582 magna
1282 2531 1487 2578 commoti,
1512 2530 1757 2583 Ingobertus

260 2600 450 2638 videlicet
472 2609 590 2651 atque
610 2599 870 2638 Ainalbertus
894 2609 931 2638 et
962 2601 1107 2652 reliqui
1142 2600 1316 2653 majores
1354 2611 1450 2640 natu
1486 2601 1754 2649 Francorum,
1790 2589 1793 2593 .

305 2735 340 2776 b)
357 2736 449 2766 deest
463 2736 581 2777 delmi-s·
605 2747 647 2766 ni
641 2736 770 2776 ujorem
786 2748 891 2777 jusqu
899 2737 925 2766 d
948 2737 1058 2767 filium
1081 2738 1154 2777 rjus
1174 2739 1205 2770 F.
1231 2757 1268 2761 --
1284 2751 1313 2773 (¹)
1336 2739 1480 2780 perinde
1501 2740 1537 2769 Α
1545 2755 1580 2763 -
1597 2739 1631 2780 d)
1652 2738 1760 2770 ebrle-

264 2778 326 2808 ‘tui
348 2779 384 2808 Α.
401 2796 442 2802 —
462 2779 699 2819 e)Nuls011d0
722 2779 756 2808 E.
769 2795 808 2800 —
832 2780 854 2818 s)
878 2790 984 2819 regno
1007 2780 1043 2808 E.
1061 2797 1100 2801 —
1116 2780 1318 2821 g)pc1cipit
1338 2782 1376 2811 A
