1908 3256
261 254 309 289 78
779 263 964 288 ani-:simu
997 262 1238 288 cunoxicox

252 356 385 394 omnia
408 361 669 392 conservaret
704 366 781 403 que
818 352 967 403 Pipino
1001 352 1088 403 regi
1118 350 1386 404 jurejurando
1423 353 1685 404 promiserat,
1717 353 1758 390 in

255 435 373 459 causa
398 419 705 458 clementissimi
726 419 836 469 regis
854 418 992 456 domni
1016 417 1171 464 karoli,
1208 426 1245 456 et
1276 419 1444 456 obsides
1484 419 1638 470 recepti
1666 427 1760 457 sunt

256 489 295 525 in
321 487 527 525 Carisiaco
547 485 641 523 villa
660 486 707 521 de
749 498 866 521 manu
905 484 1098 521 Simberti
1121 484 1321 535 episcopi,
1348 485 1419 522 sed
1442 498 1522 522 non
1563 485 1632 522 diu
1661 498 1759 536 pre-

259 554 361 589 satus
397 553 476 590 dux
514 550 813 602 promissiones
846 563 947 600 quas
983 549 1131 586 fecerat
1162 550 1434 587 conservavit.
1461 550 1512 588 Et
1539 549 1760 588 celebravit

259 620 432 656 domnus
458 618 665 668 gloriosus
695 629 766 653 rex
797 615 977 652 Natalem
1000 614 1165 652 Domini
1197 624 1234 652 et
1265 615 1421 653 Pascha
1462 616 1503 653 in
1526 616 1761 667 supradicta

260 683 466 722 Carisiaco
494 682 604 719 villa.

314 753 350 788 6.
375 773 425 777 —
448 748 643 799 Sequenti
667 760 772 784 anno
796 746 969 783 domnus
992 759 1063 783 rex
1080 745 1255 783 Karolus
1279 746 1462 784 Hrenum
1483 747 1646 784 transiit
1662 755 1700 784 et
1718 747 1759 784 in

265 815 434 853 Colonia
461 815 649 851 sinodum
686 812 829 849 tenuit.
865 811 924 848 lbi
956 825 1098 848 omnes
1140 811 1323 849 Saxones
1344 821 1560 858 venerunt,
1591 821 1760 864 excepto

266 881 416 918 rebelle
448 878 773 919 Vx'indoehindo,
808 885 846 914 et
886 877 982 914 illuc
1021 886 1301 915 convenerunt
1338 877 1589 916 Normandig
1623 878 1761 915 nuncii

265 947 375 998 regis
391 944 608 997 Sigesredi.
635 943 833 980 Similiter
848 942 973 979 Avari
996 951 1276 980 convenerunt
1298 943 1393 980 illuc
1412 943 1527 980 missi
1552 957 1572 980 a
1595 943 1760 995 Cagano

262 1022 299 1050 et
322 1012 510 1063 Ingurro.
538 1010 613 1057 lbi,
636 1017 803 1060 peracto
840 1008 1005 1059 placit0‚
1030 1022 1223 1046 reversus
1252 1017 1313 1046 est
1341 1010 1515 1047 domnus
1538 1023 1610 1047 rex
1629 1009 1761 1047 Karo-

260 1078 322 1115 lus
343 1078 381 1114 in
406 1077 631 1117 Franciam,
657 1083 694 1111 et
716 1088 805 1112 cum
825 1087 1018 1111 reversus
1043 1074 1202 1120 fuisset,
1224 1075 1370 1111 iterum
1400 1074 1582 1112 Saxones
1609 1074 1758 1120 statim,

262 1143 382 1180 solito
402 1156 528 1187 ruore,
553 1140 737 1178 rebellati
766 1148 874 1185 sunt,
899 1140 1093 1177 suadente
1115 1140 1440 1178 windochindo.
1468 1140 1518 1178 Et
1545 1141 1760 1192 ignorante

261 1209 335 1246 hoc
357 1210 506 1245 domno
526 1221 622 1258 rege
646 1206 812 1250 Karolo,
838 1205 1072 1242 Ludovicus
1095 1205 1201 1242 filius
1221 1204 1307 1257 ejus
1340 1206 1451 1244 misit
1482 1206 1632 1243 missos
1665 1219 1761 1243 suos

260 1274 499 1325 Adalgisum
535 1282 572 1310 et
611 1272 822 1309 Geilonem
854 1279 974 1322 atque
1010 1270 1239 1308 woradum
1274 1272 1443 1309 comites
1475 1280 1517 1309 ut
1549 1280 1762 1310 moverent

259 1340 479 1376 exercitum
506 1339 756 1376 Francorum
777 1345 815 1374 et
834 1336 1037 1374 Saxonum
1061 1350 1186 1388 super
1203 1337 1370 1374 Selavos
1394 1337 1462 1388 qui
1482 1337 1657 1374 rebelles
1674 1338 1762 1374 fue-

262 1414 363 1442 rant.
408 1404 458 1441 Et
499 1402 821 1455 supranominati
863 1402 994 1445 missi,
1017 1402 1058 1439 in
1092 1402 1157 1439 via
1185 1402 1396 1439 audientes
1431 1403 1541 1454 quod
1579 1402 1761 1440 Saxones

263 1469 446 1506 rebellati
470 1469 657 1511 fuissent,
680 1466 977 1519 conjungentes
1000 1468 1049 1504 ad
1073 1480 1227 1504 scaram
1254 1467 1520 1513 Francorum,
1548 1467 1762 1505 irruerunt

260 1548 384 1586 super
405 1535 586 1572 Saxones
607 1543 645 1572 et
668 1533 960 1571 commiserunt
978 1532 1145 1577 bellum,
1160 1541 1197 1570 et
1220 1533 1379 1570 sortiter
1394 1541 1643 1584 pugnantes,
1661 1533 1760 1571 mul-

259 1610 321 1638 tos
339 1601 519 1638 Saxones
550 1601 844 1638 interemerunt
876 1608 914 1636 et
948 1599 1127 1636 victores
1170 1599 1406 1645 extiterunt,
1443 1599 1761 1650 cecideruntque

260 1667 480 1718 Adalgisus
501 1676 537 1704 et
558 1666 690 1703 Geilo.
717 1665 804 1703 Hoc
830 1665 1000 1703 audiens
1024 1666 1197 1702 domnus
1233 1678 1305 1702 rex
1328 1664 1503 1702 Karolus
1541 1665 1616 1702 sub
1654 1664 1761 1702 cele-

261 1733 376 1770 ritate
398 1733 493 1770 illuc
517 1746 558 1769 se
581 1730 822 1782 conjunxit¹¹
843 1740 881 1768 et
897 1731 1086 1781 pervenit
1109 1744 1239 1781 usque
1261 1731 1310 1768 ad
1351 1730 1482 1768 locum
1515 1730 1583 1768 uhi
1617 1728 1760 1767 Arolai

259 1799 425 1836 confluit
446 1799 486 1835 in
504 1798 732 1835 XVisoram.
758 1797 909 1833 lterum
931 1810 1071 1833 omnes
1096 1796 1278 1833 Saxones
1305 1795 1596 1834 convenientes
1616 1795 1761 1833 subdi-

260 1866 407 1902 derunt
429 1877 471 1900 se
494 1865 568 1900 sub
590 1871 790 1914 potestate
814 1861 950 1899 domni
990 1861 1130 1898 Karoli
1169 1870 1207 1899 et
1244 1861 1514 1899 reddiderunt
1544 1861 1579 1899 ei
1619 1874 1761 1899 omnes

262 1930 540 1967 malefactores
558 1929 651 1965 illos
675 1928 743 1979 qui
766 1928 867 1965 illud
895 1927 1108 1964 rebellium
1138 1927 1308 1964 maxime
1339 1925 1696 1965 terminaverunti.
1716 1926 1761 1964 In

261 2010 307 2033 eo
324 2003 455 2033 autem
470 1994 603 2046 prelio
626 1993 751 2031 occisi
772 2001 865 2030 sunt
884 1994 932 2030 de
953 1992 1183 2030 Saxonibus
1207 2001 1381 2043 quatuor
1400 1992 1509 2030 mille
1528 1992 1759 2044 quingenti.

261 2060 593 2098 windochindus
612 2067 743 2096 autem
773 2059 865 2109 suga
892 2058 1031 2108 lapsus
1059 2066 1120 2095 est
1153 2058 1192 2094 in
1226 2066 1363 2109 partes
1396 2057 1658 2096 Normandie.
1685 2057 1760 2095 His

261 2126 453 2177 peractis,
475 2126 648 2162 domnus
666 2138 737 2161 rex
760 2123 933 2160 Karolus
957 2136 1149 2160 reversus
1179 2132 1240 2160 est
1266 2123 1306 2160 in
1331 2123 1557 2169 Franciam,
1588 2131 1627 2160 et
1653 2123 1761 2161 cele-

263 2192 393 2229 bravit
414 2191 595 2228 Natalem
613 2198 649 2227 et
672 2189 829 2226 Pascha
847 2189 887 2226 in
906 2188 1001 2226 villa
1024 2202 1100 2239 que
1127 2188 1276 2226 dicitur
1303 2188 1610 2226 Teudonevilla.
1647 2188 1760 2226 Tunc

263 2257 364 2294 obiit
386 2257 527 2308 regina
545 2257 647 2292 bene
670 2255 811 2292 merita
830 2255 978 2292 domna
999 2253 1217 2291 Aldeardis
1251 2254 1386 2305 pridie
1427 2254 1622 2291 kalendas
1650 2254 1758 2301 maii,

267 2322 406 2373 vigilia
424 2320 693 2358 Ascensionis
713 2320 893 2357 Domini.
921 2320 1070 2357 Iterum
1093 2319 1292 2357 rebellant
1312 2320 1493 2357 Saxones
1514 2329 1551 2358 et
1586 2321 1760 2358 domnus

270 2402 338 2425 rex
362 2387 535 2424 Karolus
553 2400 678 2437 super
700 2400 769 2423 eos
791 2387 839 2423 ad
862 2385 1096 2423 Teotmalli¹
1120 2385 1244 2422 venit.
1272 2385 1330 2422 Ibi
1354 2385 1536 2423 Saxones
1564 2398 1761 2437 prepara-

270 2462 416 2491 verunt
435 2466 477 2490 se
494 2453 541 2490 ad
558 2465 734 2503 pugnam
750 2451 789 2488 in
812 2465 968 2502 campo.
991 2451 1071 2489 Sed
1104 2451 1279 2488 viriliter
1309 2452 1459 2489 domno
1481 2464 1578 2503 rege
1610 2450 1760 2489 Karolo

315 2572 349 2612 g)
371 2570 560 2601 Normanni
583 2570 618 2599 E.
641 2588 681 2592 —-
701 2569 737 2611 h)
771 2569 946 2612 convinxit
963 2570 997 2604 1³,
1022 2569 1060 2599 G.
1090 2569 1166 2610 —i)
1200 2571 1289 2599 Aroa
1325 2569 1360 2605 F,
1378 2569 1418 2601 G.
1441 2587 1482 2593 —
1499 2569 1526 2611 j)
1547 2569 1607 2610 qui
1639 2573 1761 2599 contra
1787 2595 1789 2598 .

275 2613 372 2643 illum
394 2613 651 2643 rebellaverunt
672 2612 708 2647 E,
732 2612 768 2647 F,
791 2612 830 2643 G.

310 2775 343 2805 1.
373 2774 541 2804 Detmold.
