1908 3256
263 291 332 327 120
774 303 958 328 ‘mmmm
993 302 1234 327 cunoxlcox

255 404 353 441 paee
375 399 570 429 tueretur.
608 391 682 429 Cui
720 392 942 443 imperator
976 392 1230 442 respondere
1271 391 1416 435 noluit,
1453 392 1547 443 quia
1576 392 1759 430 audierat

255 471 393 509 regem
415 457 526 494 illum
550 458 821 502 interfectum,
847 456 1382 509 legatumjussitexpectare
1398 466 1570 509 propter
1585 472 1757 510 cognos—

256 523 423 560 cendam
448 524 588 560 samam
613 523 646 560 si
675 537 771 561 vera
803 532 929 560 esset.
956 523 1069 560 Tunc
1099 522 1345 569 Bertricum,
1374 523 1516 575 palatii
1552 523 1756 571 comitem,

256 589 363 626 misit
382 589 430 626 ad
454 588 685 626 Baldricum
707 598 745 626 et
768 588 987 626 Geraldum
1011 588 1195 635 comites,
1220 589 1259 626 in
1296 589 1619 626 Caramanorum
1656 602 1756 640 pro-

253 654 440 701 vinciam,
464 663 636 705 propter
657 654 773 691 hoen.
801 654 878 701 Qui
902 667 990 691 cum
1014 654 1069 691 nil
1110 662 1219 691 certa
1260 654 1507 692 detulissent
1543 655 1591 691 de
1627 663 1756 692 morte

254 720 364 771 regis
388 719 676 771 Bulgarorum‚
701 720 924 770 imperator
948 719 1123 770 legatum
1164 720 1273 757 illius
1319 733 1501 757 remeare
1536 719 1629 757 fecit
1669 719 1755 757 sine

255 785 442 835 epistola.
487 785 599 822 Tunc
615 785 722 822 filius
745 784 1020 836 imperatoris,
1047 783 1221 835 Pipinus
1252 798 1337 830 rex,
1372 799 1461 822 cum
1492 784 1755 822 obtimatibus

256 859 293 888 et
319 849 595 901 Hispanorum
622 850 890 888 terminorum
924 850 1165 887 custodibus
1195 849 1449 901 Aquisgrani
1490 850 1538 887 ad
1578 850 1755 901 impera-

254 925 384 953 torem
399 917 523 954 venit.
551 916 608 953 Ibi
631 925 843 954 tractatum
879 924 940 953 est
964 916 1012 953 de
1034 916 1198 953 tuendis
1222 917 1372 953 finibus
1397 915 1582 953 occiduis
1617 924 1758 953 contra

257 982 505 1019 Sarracenos
529 991 567 1020 et
588 982 848 1033 dispositum.
876 981 927 1019 Et
949 981 1122 1032 Pipinus
1146 982 1187 1019 in
1222 981 1485 1033 Aquitaniam
1520 994 1754 1033 regressus,

254 1048 475 1099 imperator
497 1048 630 1085 medio
653 1047 757 1085 maio
780 1047 910 1098 Aquis
927 1060 1146 1099 regressus
1171 1057 1246 1093 est,
1279 1056 1317 1085 et
1354 1048 1465 1085 venit
1504 1048 1553 1085 ad
1594 1046 1756 1098 Ingele-

252 1114 373 1151 neim.
394 1113 544 1150 Habuit
565 1113 620 1150 ibi
643 1121 888 1150 conventum
912 1125 1028 1149 suum
1052 1121 1090 1150 et
1112 1112 1398 1150 ibiadsuerunt
1411 1112 1635 1164 legationes
1651 1125 1755 1164 pape

250 1178 437 1221 Romani,
463 1178 502 1215 id
521 1187 582 1216 est
604 1178 686 1215 Leo
708 1177 1273 1229 episcopUS‚Theophilactus
1292 1178 1618 1215 nomenculator.
1633 1177 1684 1215 Et
1705 1178 1754 1215 de

249 1244 433 1295 partibus
455 1243 680 1281 Jerusalem
704 1243 945 1288 DomnicuS,
970 1244 1095 1280 abbas
1118 1244 1167 1280 de
1207 1253 1341 1281 monte
1365 1243 1531 1290 Oliveti,
1556 1252 1593 1281 et
1632 1243 1754 1294 legati

247 1311 422 1348 filiorum
451 1309 685 1355 Godefridi,
720 1310 829 1361 regis
867 1309 1094 1355 Danorum‚
1119 1318 1293 1360 propter
1320 1323 1477 1361 pacem,
1515 1309 1660 1347 directi
1703 1310 1751 1347 de

249 1375 460 1413 Sclavania
481 1375 776 1413 Abodritorum
798 1375 1002 1426 primores
1027 1374 1298 1426 Ceadragum,
1323 1376 1466 1413 ducem
1486 1389 1618 1421 suum,
1633 1388 1753 1412 accu-

249 1449 400 1478 santes.
425 1440 652 1479 Accusatus
673 1450 734 1479 est
755 1440 810 1478 ibi
834 1439 1023 1485 Gloinus‚
1046 1440 1126 1478 dux
1149 1440 1414 1486 Soraborum,
1439 1441 1549 1492 quod
1561 1449 1655 1478 tunc
1671 1454 1752 1478 non

249 1515 356 1544 esset
378 1507 427 1544 ad
449 1507 658 1558 placitum,
681 1516 718 1545 et
737 1506 922 1557 utrisque
959 1506 1244 1544 denunciatum
1282 1515 1357 1553 est,
1401 1507 1511 1557 quod
1552 1506 1586 1543 si
1619 1506 1753 1543 medio

247 1573 432 1610 octobrio
471 1573 519 1610 ad
561 1572 820 1624 imperatoris
859 1571 1092 1623 generalem
1135 1580 1377 1609 conventum
1415 1585 1496 1609 non
1543 1573 1750 1617 adessent,

246 1651 372 1688 penas
395 1638 568 1676 luerent.
597 1637 656 1675 Ibi
671 1645 871 1675 venerunt
892 1637 1096 1688 primores
1113 1637 1328 1676 Britonum
1345 1639 1393 1676 de
1416 1638 1564 1689 quibus
1581 1638 1752 1689 impera-

247 1713 311 1741 tor
331 1704 507 1742 volebat.

302 1773 364 1809 11.
385 1793 438 1799 —
457 1771 610 1808 Eodem
635 1779 819 1822 tempore
839 1771 1018 1809 Eroldus
1039 1784 1127 1808 cum
1147 1784 1272 1808 uxore
1296 1783 1367 1808 sua
1385 1778 1424 1808 et
1445 1784 1589 1822 magna
1610 1770 1750 1808 Dano-

246 1850 333 1874 rum
351 1836 608 1874 multitudine
626 1837 795 1875 veniens
812 1838 860 1875 ad
890 1838 1177 1888 imperatorem
1220 1835 1520 1887 Moguntiaco0,
1567 1844 1604 1873 et
1643 1837 1750 1887 apud

246 1902 436 1940 Sanctum
459 1902 660 1940 Albanum
690 1916 778 1939 cum
810 1902 872 1940 his
905 1916 1007 1953 quos
1032 1916 1168 1939 secum
1208 1902 1375 1939 adduxit
1408 1901 1635 1953 baptizatus
1671 1910 1746 1940 est.

244 1968 432 2025 Fuitque
455 1967 617 2009 filiolus
646 1968 928 2024 imperatoris
952 1968 1004 2009 de
1028 1967 1240 2016 sontibus,
1265 1976 1304 2005 et
1335 1967 1472 2005 multis
1506 1967 1746 2005 muneribus

244 2041 292 2077 ab
313 2053 358 2077 eo
378 2041 568 2085 donatus,
593 2054 667 2091 per
690 2040 880 2086 Frisiam,
906 2054 984 2091 qua
1004 2048 1186 2085 venerat,
1217 2053 1410 2077 reversus
1449 2046 1548 2078 estv.
1590 2039 1634 2078 In
1671 2053 1750 2091 qua

243 2105 456 2156 provincia
477 2105 600 2146 dedit
623 2105 662 2146 ei
685 2105 927 2162 imperator
950 2105 994 2146 in
1017 2105 1203 2146 filiolatu
1226 2121 1362 2147 unum
1386 2105 1643 2147 comitatum
1678 2105 1748 2156 qui

245 2177 428 2215 Driustri
465 2186 649 2221 vocatur,
674 2185 730 2223 ut,
768 2177 802 2214 si
840 2177 1064 2214 necessitas
1103 2177 1137 2214 ei
1174 2177 1363 2218 suissetq,
1404 2191 1446 2215 se
1469 2177 1510 2215 in
1532 2191 1622 2215 eum
1658 2190 1746 2215 cum

244 2243 328 2281 suis
347 2245 470 2281 rebus
493 2243 676 2294 recipere
698 2243 914 2294 potuisset.
942 2243 985 2280 In
1008 2243 1099 2294 ipso
1123 2251 1324 2280 conventu
1348 2244 1509 2281 suerunt
1531 2242 1746 2281 Baldricus

244 2318 282 2347 et
305 2309 505 2348 Geraldus
529 2309 696 2347 comites
717 2318 755 2347 et
775 2309 944 2360 prefecti
962 2309 1188 2355 Pannonie,
1213 2317 1251 2346 et
1271 2309 1406 2347 testati
1429 2317 1523 2347 sunt
1544 2309 1600 2346 nil
1619 2321 1746 2361 posse

245 2375 388 2413 sentiri
405 2376 454 2413 de
476 2384 586 2413 motu
609 2375 897 2426 Bulgarorum.
922 2375 1043 2413 Venit
1064 2389 1153 2412 cum
1176 2374 1368 2413 Baldrico
1396 2376 1616 2426 presbyter
1655 2374 1746 2425 qui-

246 2442 336 2478 dam
354 2441 404 2478 de
420 2441 603 2486 Venetia,
623 2440 843 2491 Georgius,
869 2440 937 2491 qui
961 2454 1003 2477 se
1021 2454 1196 2492 organas
1219 2454 1344 2492 posse
1364 2441 1494 2478 facere
1509 2439 1744 2478 affirmabat.

249 2507 379 2555 Quem
401 2507 624 2559 imperator
644 2506 896 2558 Aquisgrani
937 2520 1025 2544 cum
1058 2506 1246 2544 Tantulso
1271 2506 1482 2544 sacellario
1514 2506 1639 2552 misit,
1668 2506 1745 2543 im-

248 2585 399 2623 perans
421 2581 463 2611 ut
484 2575 756 2624 preberentur
778 2573 813 2610 ei
830 2573 965 2610 omnia
980 2572 1212 2610 necessaria
1232 2574 1281 2610 ad
1303 2572 1529 2610 faciendum
1544 2571 1643 2609 illud
1664 2571 1745 2608 ins·
1773 2599 1776 2602 ⁴

249 2648 499 2678 trumentum
521 2645 801 2691 organarum'.
828 2640 878 2677 Et
900 2653 975 2691 pro
997 2640 1188 2677 nunciato
1229 2640 1278 2677 ad
1315 2639 1490 2677 medium
1514 2638 1742 2677 octobrium

290 2778 325 2813 n)
352 2777 416 2806 hoc
438 2777 690 2817 explorandum
725 2777 759 2811 E,
776 2777 810 2811 F,
834 2776 875 2808 G.
893 2776 981 2815 —o)
1003 2776 1227 2817 Magonciaeo
1253 2776 1289 2811 E,
1316 2776 1350 2812 F,
1373 2776 1414 2818 G.
1438 2794 1476 2799 -
1503 2776 1538 2817 p)
1559 2785 1742 2816 regressus

248 2819 286 2854 E,
305 2820 338 2855 F,
365 2819 399 2850 F.
423 2836 461 2842 —-
476 2820 510 2860 q)
525 2823 616 2849 esset
631 2819 668 2855 E,
687 2818 723 2855 F,
740 2819 780 2851 G.
803 2836 841 2842 —-
863 2819 893 2859 r)
915 2829 1130 2859 organorum
1146 2819 1182 2854 E,
1206 2818 1246 2850 G.
