1908 3256
692 337 808 361 Limen
840 338 1013 363 'ri-:nru's
1529 335 1595 371 117

109 424 276 462 caballis
309 424 503 475 acceptis,
537 432 676 475 preter
709 426 840 476 spolia
882 427 1032 465 diversi
1062 430 1226 480 generis
1260 431 1492 481 di1·cpta.et
1527 434 1595 469 lwt-

108 491 244 528 omnia
264 490 500 542 imperatori
523 503 598 540 per
619 490 776 541 legatos
795 493 1011 530 mandavit.

163 559 201 595 6.
225 578 277 584 —
299 555 343 593 ln
366 556 550 607 partibus
574 564 705 592 autem
743 557 941 597 occiduis.
967 558 1156 609 pipinus,
1182 560 1287 597 filius
1324 562 1596 612 imperatoris,

103 619 223 672 jussu
253 620 381 672 patris
405 634 493 658 cum
518 620 698 658 exercitu
720 621 982 659 XVasconiam
1014 624 1244 675 ingressus,
1283 626 1451 664 sublatis
1490 642 1533 664 ex
1558 642 1599 664 va

109 685 335 732 seditiosis,
367 694 491 724 totam
513 685 567 723 ita
587 686 747 736 pacavit
784 695 826 724 ut
860 687 995 725 nullus
1019 689 1058 725 in
1084 703 1128 726 ea
1163 690 1329 727 rebellis
1358 701 1595 729 remaneret.

108 753 288 792 Eroldus
316 749 596 802 autem‚]'ussu
631 752 905 804 imperatoris,
923 754 972 790 ad
1000 767 1123 791 naves
1152 768 1245 791 suas
1273 769 1346 806 per
1378 756 1598 795 Abodritos

108 819 302 857 reductus
324 817 365 854 in
386 817 558 871 patriam
575 818 690 867 quasi
708 831 878 869 regnum
896 819 952 855 ibi
967 824 977 840 ⁵
1016 828 1256 871 accepturus
1279 821 1500 871 navigavit.
1527 824 1600 860 Cui

110 898 152 922 se
174 884 254 921 duo
277 896 323 920 ex
360 881 454 919 filiis
474 881 686 920 Godefridi
709 884 825 934 quasi
847 897 926 921 una
942 897 1030 921 cum
1048 898 1094 921 eo
1116 886 1323 936 regnaturi
1341 900 1382 923 se
1405 887 1559 925 sociant
1577 890 1598 934 ¹,

109 949 199 987 aliis
225 949 387 986 duobus
420 947 553 998 patria
579 948 778 999 expulsis,
800 956 839 986 et
859 948 935 986 hoc
958 949 1052 986 dolo
1077 951 1222 987 sactum
1249 951 1334 988 suit.
1361 951 1599 1002 Imperator,

108 1021 310 1053 conventu
333 1012 519 1059 dimisso,
545 1013 679 1063 primo
702 1013 1005 1058 Cruciniacum,
1030 1015 1175 1052 deinde
1207 1014 1391 1067 Bingiam
1413 1018 1597 1061 veniens,

106 1092 180 1131 per
206 1077 390 1116 Hrenum
422 1076 641 1129 davigavit.
668 1077 764 1115 Inde
785 1077 1076 1116 Arduennamu
1101 1088 1288 1118 venatum
1312 1082 1597 1131 proficiscitur,

108 1144 255 1182 deinde
276 1142 530 1194 Aquisgrani
552 1142 599 1180 ah
621 1142 879 1181 hiemandum
902 1145 1136 1182 revertitur.
1173 1144 1314 1182 Mense
1341 1144 1526 1197 januario
1545 1147 1599 1184 ibi

108 1217 352 1248 conventum
371 1207 525 1255 habuit,
544 1208 584 1245 in
601 1222 681 1259 quo
695 1209 743 1246 de
759 1209 977 1247 Liudewiti
995 1210 1221 1247 desectione
1235 1211 1504 1249 deliberatum
1523 1220 1598 1257 est,

107 1283 150 1313 ut
166 1283 250 1313 tres
269 1273 472 1311 exercitus
491 1286 539 1310 ex
553 1273 685 1310 tribus
702 1273 886 1325 partibus
909 1275 957 1311 ad
973 1274 1257 1312 devastandam
1281 1274 1366 1325 ejus
1389 1277 1595 1327 regionem

107 1341 380 1379 mitterentur.
407 1338 452 1376 In
475 1352 522 1376 eo
543 1348 745 1377 conventu
764 1339 884 1386 Bera,
909 1353 1031 1377 eones
1052 1340 1319 1386 Barcinonae,
1345 1342 1412 1393 qui
1443 1343 1596 1380 fraudis

107 1405 420 1444 insimulabatur
441 1412 480 1442 et
500 1404 764 1450 infidelitatis,
790 1418 879 1443 cum
904 1413 1138 1443 accusatore
1161 1419 1234 1443 suo
1262 1407 1442 1456 equestri
1465 1420 1600 1459 pugna

108 1470 349 1523 confligens,
366 1471 498 1509 victus
520 1470 788 1522 est.Cumque
809 1479 851 1508 ut
870 1484 964 1508 reus
982 1470 1203 1523 majestatis
1223 1472 1382 1524 capitali
1401 1473 1599 1510 sententia

108 1537 415 1588 dampnaretur,
435 1536 622 1588 pepercit
643 1536 677 1572 ei
697 1535 1040 1573 clementissimus
1057 1536 1291 1588 imperator,
1314 1546 1351 1575 et
1373 1537 1597 1589 Rotomago

107 1602 231 1640 exilio
250 1603 490 1654 deportatus
509 1609 585 1638 est.
599 1601 821 1638 Transacta
841 1600 987 1647 hieme,
1012 1610 1053 1638 ut
1073 1602 1247 1652 primum
1266 1602 1390 1640 herba
1404 1601 1598 1653 jumentis

105 1668 297 1720 pabulum
337 1667 517 1719 prebuit,
541 1675 625 1704 tres
657 1667 860 1705 exercitus
894 1675 1035 1704 contra
1055 1666 1333 1705 Leudewitum
1368 1668 1594 1709 mittuntur.

106 1746 279 1785 quorum
300 1747 405 1771 unus
428 1734 477 1771 de
513 1732 627 1770 Italia
648 1745 723 1784 per
743 1731 870 1783 Alpes
903 1732 1089 1777 Noricas,
1129 1732 1230 1770 alter
1250 1746 1325 1784 per
1347 1733 1595 1770 Carantano-

105 1812 193 1837 rum
211 1798 479 1850 provinciam,
503 1797 655 1836 tercius
677 1810 752 1849 per
773 1795 1000 1848 Bajoariam
1017 1806 1055 1834 et
1070 1796 1320 1835 Pannoniam
1345 1798 1596 1848 superiorem

105 1863 285 1902 intravit.
310 1863 363 1902 Et
383 1864 479 1910 duo,
503 1863 544 1901 id
566 1872 628 1900 est
655 1863 796 1900 dexter
818 1871 855 1900 et
877 1862 1059 1909 sinister,
1095 1863 1250 1900 tardius
1273 1863 1451 1914 ingressi
1486 1871 1593 1907 sunt,

105 1942 152 1967 eo
173 1930 282 1981 quod
297 1942 402 1967 unus
423 1928 589 1980 Alpium
610 1928 784 1966 transitu
798 1927 975 1965 hostium
998 1941 1117 1965 manu
1135 1927 1462 1979 p1·0hibebatur*·‚
1498 1928 1599 1965 alter

105 1994 362 2047 longitudine
399 1993 558 2032 itineris
601 2002 640 2031 et
678 1993 853 2031 transitu
889 1992 1015 2030 Dravi
1067 1992 1243 2030 fluminis
1285 1993 1594 2044 impediebatur.

106 2059 269 2098 Medius
290 2068 421 2097 autem
448 2059 517 2111 qui
541 2072 615 2110 per
639 2058 892 2096 Carantanos
927 2057 1105 2102 intravit,
1130 2071 1358 2109 quanquam
1389 2057 1429 2095 in
1468 2057 1596 2095 tribus

106 2125 209 2163 locis
241 2125 277 2163 ei
314 2125 597 2171 resisteretur,
644 2124 817 2162 feliciori
849 2125 1022 2168 fortuna,
1070 2132 1133 2161 ter
1173 2123 1288 2160 hoste
1337 2131 1525 2173 superato
1559 2130 1596 2158 et

107 2191 245 2229 Dravo
266 2191 527 2235 transmisso,
557 2190 607 2227 ad
641 2189 841 2227 destinata
870 2188 957 2226 loca
977 2187 1177 2239 pervenit.
1218 2188 1370 2225 Contra
1392 2187 1463 2224 hec
1500 2186 1597 2223 Liu-

107 2256 283 2295 dewitus
305 2255 430 2293 nichil
446 2255 625 2301 molitus,
650 2254 690 2292 in
714 2254 881 2292 castello
907 2253 1147 2298 fortissimo,
1178 2252 1218 2289 in
1240 2253 1366 2290 arduo
1403 2260 1534 2288 monte
1555 2264 1596 2288 sc

107 2335 290 2373 suosque
307 2321 521 2367 continuit,
540 2329 578 2358 et
588 2333 662 2358 nec
679 2320 775 2358 belli
790 2333 864 2357 nec
877 2319 989 2371 pacis
1020 2331 1248 2356 sermonem
1263 2331 1351 2355 cum
1369 2317 1426 2353 eis
1443 2316 1593 2353 habuit.

108 2386 326 2425 Exercitus
346 2399 445 2424 vero
466 2394 683 2437 postquam
699 2385 738 2422 in
760 2398 883 2422 unum
904 2388 1222 2436 pervenerunt¹,
1245 2390 1366 2419 totam
1389 2381 1594 2432 regionem

107 2453 218 2490 ferro
240 2461 280 2491 et
300 2452 385 2504 igni
407 2459 629 2497 vastantes,
647 2451 734 2488 sine
755 2450 869 2502 gravi
889 2450 1033 2487 damno
1055 2447 1210 2486 reversi
1233 2455 1341 2484 sunt.
1384 2446 1463 2483 Sed
1479 2459 1595 2483 exer-

107 2518 214 2555 eitus
238 2518 307 2569 qui
321 2531 396 2569 per
417 2516 668 2554 Pannoniam
691 2516 944 2566 superiorem
967 2515 1042 2552 iter
1070 2514 1175 2555 fecit,
1205 2513 1243 2549 in
1266 2512 1438 2549 transitu
1472 2510 1594 2547 Dravi

107 2582 290 2620 fluminis
312 2596 360 2620 ex
387 2582 502 2633 aquis
524 2581 694 2618 infirmis
717 2582 860 2618 morbo
892 2579 1047 2617 ventris
1067 2578 1247 2630 graviter
1279 2576 1408 2614 affecti
1428 2584 1534 2617 sunt,
1559 2583 1595 2612 et

106 2648 278 2699 plurimi
300 2648 461 2686 mortui.
486 2647 708 2697 Postquam
730 2646 892 2683 domum
915 2644 1069 2682 reversi
1088 2651 1182 2680 sunt
1212 2642 1249 2678 hi
1271 2650 1353 2678 tres
1375 2640 1590 2683 exercitus,

153 2795 183 2836 s)
212 2795 262 2826 ibi
290 2795 382 2825 deest
410 2795 447 2829 Ε,
471 2794 508 2830 F,
531 2794 571 2825 G.
607 2810 646 2817 —
677 2794 704 2833 t)
728 2792 906 2823 associant
927 2790 963 2827 F,
986 2791 1028 2823 G.
1061 2807 1100 2813 --
1132 2789 1168 2830 u)
1197 2789 1391 2819 Ardennam
1425 2786 1460 2822 F,
1493 2786 1532 2817 G.
1556 2803 1592 2807 —

108 2835 142 2877 v)
162 2837 428 2878 prohabebatur
449 2838 488 2868 Α.
508 2853 547 2859 -
567 2835 601 2874 x)
616 2838 849 2866 convenerunt
870 2833 904 2869 F,
927 2834 970 2865 G.
