1908 3256
318 261 393 298 190
835 270 1022 296 ADEMARI
1053 269 1295 296 cunoxicox

311 379 381 404 mo
399 362 486 412 die,
514 370 556 403 et
579 361 783 418 pervenit
823 361 867 402 in
909 369 1106 401 sanctam
1142 359 1365 401 civitatem
1401 359 1544 417 prima
1572 360 1818 404 ebdomada

317 433 482 475 mensis
512 433 682 483 marcii,
715 448 1009 489 reversusque
1045 440 1111 472 est
1152 432 1290 473 tercia
1331 431 1611 474 hebdomada
1652 433 1818 474 mensis

309 506 426 562 junii
467 505 519 547 ad
555 505 753 562 propria.
791 504 983 546 Divertit
1018 520 1097 560 per
1138 504 1416 545 Lemovicam
1458 513 1705 556 revertens,
1742 504 1819 546 ubi

316 577 461 619 omnis
490 577 728 619 multitudo
770 577 1088 617 monachorum
1132 575 1284 617 Sancti
1324 575 1541 617 Martialis
1579 575 1818 633 splendore

314 649 473 691 festivo
496 649 669 690 obviam
712 657 924 690 excuntes
948 656 1221 704 exceperunt
1244 663 1358 688 eum.
1384 647 1440 688 At
1462 647 1538 688 ubi
1566 664 1717 689 rumor
1740 647 1818 689 ad-

314 730 471 763 ventus
495 722 589 778 ejus
613 720 886 781 Egolismam
910 719 1131 777 pervenit,
1151 735 1304 760 omnes
1322 719 1551 776 principes
1570 736 1659 761 non
1672 720 1817 762 solum

315 798 696 859 Egolismensium
721 798 798 839 sed
828 797 961 839 etiam
985 796 1429 857 Petragoricensium
1459 806 1502 839 et
1524 798 1815 849 Sanctonum,

313 871 549 928 numisque
572 880 691 912 aetas
733 879 775 912 et
808 886 938 911 sexus
975 869 1028 910 ad
1063 885 1162 910 eum
1197 869 1395 910 occurrit
1423 869 1586 929 gaudio
1620 869 1815 927 perfusa,

312 959 411 984 cum
459 959 644 985 cernere
686 942 965 984 desiderans.
1011 941 1168 983 Clerus
1209 958 1312 983 vero
1352 941 1623 983 monasticus
1666 941 1819 984 Sancti

312 1015 542 1071 Eparchii‚
566 1015 612 1055 in
635 1014 834 1056 vestibus
858 1014 972 1055 albis
990 1013 1270 1070 diversisque
1287 1013 1579 1065 ornamentis,
1599 1029 1698 1055 cum
1728 1030 1819 1055 ma-

310 1104 396 1147 gna
418 1087 704 1128 multitudine
728 1086 882 1144 populi
900 1095 940 1127 et
958 1085 1224 1126 clericorum
1248 1085 1337 1127 sive
1358 1085 1691 1137 canonicorum,
1718 1102 1820 1146 gau-

309 1160 419 1201 dens
442 1159 663 1216 processit
697 1158 871 1200 obviam
896 1157 936 1199 ei
959 1167 1081 1199 extra
1101 1157 1341 1209 civitatem,
1363 1158 1554 1199 miliario
1576 1174 1681 1209 uno,
1719 1174 1817 1199 cum

309 1231 514 1272 laudibus
539 1240 579 1272 et
611 1230 887 1288 antiphonis.
914 1231 969 1271 Et
1004 1246 1159 1271 omnes
1182 1229 1227 1271 in
1251 1229 1474 1271 excelsum
1496 1229 1815 1272 vociferantes:

311 1303 370 1344 Te
405 1304 547 1344 Deum
582 1302 829 1353 laudamus,
867 1295 1151 1342 deduxerunt
1185 1317 1301 1352 eum,
1339 1310 1386 1342 ut
1415 1301 1552 1343 moris
1581 1311 1663 1343 est.
1695 1302 1818 1343 Tunc

309 1374 613 1416 Amalfredum
638 1375 920 1423 monachum,
948 1373 1024 1431 qui
1053 1390 1151 1414 cum
1176 1389 1227 1415 eo
1257 1373 1416 1425 fuerat,
1443 1373 1581 1434 elegit
1612 1374 1818 1415 abbatem

310 1462 363 1487 ex
391 1446 574 1487 basilica
598 1446 716 1487 beati
738 1445 968 1502 Eparchii.
987 1446 1095 1486 Nam
1119 1445 1254 1486 abbas
1278 1445 1498 1487 Ricardus
1519 1445 1815 1497 Solombria¹‚

310 1518 488 1559 civitate
511 1518 714 1569 Greciae,
742 1518 852 1559 citra
877 1517 1317 1574 Constantinopolim
1341 1517 1385 1558 in
1403 1517 1548 1559 eundo
1565 1517 1754 1569 obierat,
1777 1526 1820 1559 et

309 1588 372 1631 ibi
397 1589 597 1647 sepultus
636 1599 700 1631 est
730 1589 882 1649 vigilia
905 1589 1229 1646 Epifaniarum.
1257 1589 1491 1631 Ordinavit
1513 1589 1818 1647 supradictum

311 1662 517 1702 abbatem
559 1663 655 1703 Roo
692 1661 949 1718 episcopus,
984 1660 1061 1702 ubi
1101 1660 1196 1717 ipse
1239 1677 1387 1702 comes
1423 1671 1465 1703 et
1498 1662 1636 1703 'abbas
1667 1661 1819 1703 Sancti

310 1732 530 1774 Martialis
575 1733 832 1784 Odolricus,
888 1732 1077 1789 stipatus
1124 1731 1343 1792 dignitate
1396 1733 1733 1785 monachorum,
1776 1742 1819 1775 et

310 1804 494 1845 abbates
516 1804 652 1846 vic-ini
675 1814 717 1846 et
741 1804 929 1846 maxima
955 1803 1168 1845 nobilitas
1191 1804 1448 1862 principum
1477 1814 1711 1862 presentes
1747 1804 1818 1846 ad-

311 1874 508 1917 fuerunt.

370 1948 441 1991 66.
460 1974 518 1979 -
539 1947 709 1989 Eodem
741 1964 845 1989 vero
874 1963 991 1989 anno
1020 1955 1255 2003 correptus
1284 1955 1350 1987 est
1378 1946 1594 1989 lanouore
1617 1947 1820 2005 corporis

1457 1982 1481 2007 t>

309 2017 428 2059 idem
458 2036 606 2060 comes
628 2035 769 2077 usque
805 2019 859 2060 ad
894 2028 1101 2060 mortem.
1136 2020 1234 2071 Quo
1258 2034 1374 2059 anno
1400 2020 1648 2061 Sanctonas
1681 2020 1820 2061 urbs¹

308 2090 361 2130 ab
379 2090 529 2148 impiis
553 2091 810 2132 christianis
829 2099 1110 2132 concremata
1134 2099 1200 2131 est
1224 2106 1323 2131 cum
1347 2090 1443 2147 ipsa
1461 2091 1645 2133 basilica
1669 2091 1821 2133 Sancti

307 2161 432 2203 Petri
477 2163 595 2204 sedis
644 2162 913 2220 episcopalis
928 2171 958 2214 Y,
998 2171 1041 2204 et
1086 2161 1160 2202 diu
1190 2162 1439 2218 permansit
1480 2162 1684 2204 desertus
1724 2163 1820 2220 ipse

353 2302 387 2341 x)
403 2301 496 2341 quod
512 2300 579 2330 dici
597 2300 695 2330 dolor
716 2304 768 2330 est
790 2300 870 2332 add.
898 2300 939 2332 C.
958 2319 996 2322 —
1011 2301 1045 2341 y)
1070 2300 1266 2331 permansit
1290 2299 1489 2340 Stephanus
1511 2310 1604 2335 vern,
1627 2303 1660 2331 et
1676 2299 1820 2330 exiliens

314 2343 616 2384 corporeinlesus.
628 2343 748 2372 eadem
764 2353 824 2371 ora
841 2342 933 2372 venit
952 2353 1094 2372 currens
1110 2342 1403 2383 pedibusgratias
1413 2342 1482 2371 Deo
1502 2343 1633 2372 referre
1647 2342 1692 2372 ad
1709 2346 1822 2372 tumu-

315 2385 388 2414 lum
428 2384 520 2414 beati
548 2384 728 2424 Eparchii,
749 2384 808 2413 ubi
842 2388 940 2413 nocte
962 2386 1153 2425 praeterita
1178 2384 1330 2425 pervigil
1357 2384 1602 2420 excubaverat,
1636 2388 1669 2413 et
1698 2384 1821 2414 deinde

317 2427 478 2466 equitans
500 2437 662 2456 reversus
687 2430 738 2455 est
759 2426 793 2455 in
818 2426 1008 2457 civitatem.
1037 2430 1074 2455 ut
1107 2427 1278 2456 reficeret.
1314 2425 1470 2455 Malefica
1489 2436 1582 2460 vcro,
1606 2425 1724 2455 multis
1746 2430 1820 2455 tor-

319 2468 458 2505 mentis,
487 2468 672 2508 ignorante
693 2467 830 2503 vomito,
857 2479 935 2497 mox
955 2467 1164 2501 excruciata,
1188 2479 1249 2497 nec
1269 2467 1317 2497 sic
1333 2469 1494 2497 consessa
1514 2471 1578 2501 cst,
1598 2471 1631 2497 et
1651 2467 1820 2497 adiabolo

319 2510 423 2539 eorde
442 2509 618 2541 obturato,
643 2510 777 2539 nullum
802 2509 946 2539 verbum
970 2510 1023 2540 vel
1045 2521 1164 2540 vocem
1190 2521 1230 2539 ex
1251 2520 1309 2539 ore
1328 2509 1542 2549 proferebat,
1564 2520 1583 2539 a
1604 2508 1718 2538 tribus
1739 2520 1820 2540 vero

319 2556 457 2581 tantum
474 2552 694 2582 mulieribus.
715 2563 780 2592 que
801 2562 877 2580 cuni
894 2563 933 2580 ea
954 2551 1187 2581 interfuerunt
1208 2551 1262 2581 his
1279 2550 1473 2586 maleficiis
1495 2550 1655 2581 convicta
1675 2554 1729 2580 est
1747 2555 1820 2581 tes-

320 2593 488 2629 timoniis,
511 2593 754 2634 quasdamque
793 2593 999 2622 fantasticas
1033 2604 1072 2623 ex
1092 2593 1175 2623 limo
1202 2593 1375 2634 imagines
1402 2592 1571 2622 desubtus
1594 2596 1690 2622 terra
1703 2592 1820 2626 eedem

351 2773 380 2804 1.
399 2773 604 2805 Selembria.
