1908 3256
273 263 321 300 04
792 272 978 298 ADEMAnl
1009 271 1249 297 cnnoxxcox

275 365 365 403 XII.
399 386 450 392 —
482 364 561 402 Ubi
594 363 775 401 Saxones
799 363 944 400 iterum
968 362 1212 399 rebellantes
1235 374 1256 398 a
1280 360 1430 398 Karolo
1460 374 1605 412 magna
1636 373 1776 415 pugna

331 439 424 468 sunt
440 430 622 472 edomiti,
648 429 700 467 ita
717 438 778 466 est
799 441 883 466 xxx
906 428 1014 465 milia
1036 442 1083 465 ex
1099 428 1157 465 eis
1174 427 1435 465 interficeret.

276 502 388 540 XIII.
407 502 530 539 —De
548 502 660 538 obitu
678 501 846 538 Adriani
870 514 989 551 pape,
1009 509 1046 537 et
1060 500 1264 551 quomodo
1283 498 1527 544 Henricus¹¹‚
1546 498 1627 536 dux
1644 498 1777 538 Furu-

331 569 474 614 lensis,
494 568 778 605 tliesaurmwun
802 566 1100 603 multitudinem
1125 564 1276 602 Karolo
1298 563 1542 602 transmisit.

277 634 385 672 XIV.
420 658 470 662 ——
502 634 562 671 De
580 634 781 685 legatione
806 633 959 669 Ilelene
983 631 1258 682 imperatricis
1279 638 1317 668 et
1339 630 1546 681 quomodo
1562 644 1637 682 per
1651 640 1778 671 totum

330 714 477 738 annum
503 701 629 750 sydus
652 699 796 736 Martis
820 712 899 736 non
923 697 1124 749 apparuit.

277 766 363 803 XV.
397 790 447 793 —
479 766 693 813 Quomodo
716 764 889 802 Romani
913 764 1090 801 Leonem
1106 776 1252 815 papam
1275 771 1569 801 excecaverunt
1585 763 1678 801 etin
1694 778 1779 802 cus-

330 832 480 870 todiam
501 832 714 868 miserunt.

278 898 383 935 XVI.
417 921 468 925 —
500 897 559 934 De
581 897 713 948 legato
737 896 891 933 Helene
908 896 1195 947 imperatricis.

279 963 407 1000 XVII.
440 987 490 991 —
524 963 739 1010 Quomodo
763 962 937 1000 Karolus
962 962 1144 1000 Saxones
1167 963 1206 999 in
1242 962 1456 1000 Franciam
1496 961 1706 1000 transtulit
1745 970 1783 1000 et

333 1030 442 1080 quod
466 1029 632 1080 sanguis
657 1028 811 1066 Christi
834 1028 999 1066 Mantua
1022 1028 1181 1066 civitate
1204 1037 1393 1080 repertus
1417 1028 1483 1066 sit.

280 1094 430 1132 XVIII.
464 1118 515 1122 --
546 1095 606 1132 De
624 1093 840 1144 capricano
858 1102 895 1131 et
917 1094 966 1131 de
989 1094 1192 1131 divisione
1209 1093 1341 1145 regni.

280 1160 387 1198 XIX.
422 1184 472 1188 —
503 1161 563 1197 De
593 1160 736 1211 eclipsi
771 1159 863 1197 lune
895 1169 932 1197 et
967 1160 1164 1198 Radberti
1200 1168 1329 1197 morte
1358 1167 1396 1197 et
1435 1159 1638 1210 legatione
1670 1159 1782 1211 regis
1835 1169 1840 1173 '

338 1226 573 1264 Persarum.

280 1292 366 1329 XX.
401 1316 451 1320 ——
484 1292 656 1339 Quando
680 1291 856 1329 Karolus
879 1292 1177 1343 'Noviomagum
1199 1293 1410 1343 profectus
1427 1292 1493 1331 sit.

282 1358 391 1395 XXI.
426 1382 476 1386 —-
508 1358 587 1396 [bi
606 1358 836 1395 Ludovicus
860 1357 1102 1408 Hispaniam
1125 1357 1324 1395 introivit.

284 1424 412 1462 XXII.
447 1447 498 1451 —
530 1424 745 1471 Quomodo
767 1423 899 1461 Mauri
924 1424 1154 1461 Sardiniam
1176 1432 1214 1461 et
1237 1423 1450 1461 Corsicam
1473 1424 1733 1476 appulerunt.

284 1489 435 1527 XXIII.
468 1513 520 1517 ——
537 1489 751 1536 Quomodo
775 1489 1159 1540 Constantinopolis
1195 1489 1317 1541 legati
1340 1491 1388 1527 ab
1406 1489 1654 1541 imperatore
1670 1489 1787 1527 missi

338 1564 446 1602 sunt,
471 1568 638 1592 munera
660 1555 810 1592 Karolo
827 1556 1073 1593 deserentes.

284 1621 429 1659 XXIV.
462 1645 513 1649 —
544 1621 759 1669 Quomodo
789 1621 1005 1659 Niceforus
1028 1622 1252 1673 imperator
1268 1635 1357 1660 cum
1374 1621 1542 1674 Bulgris
1564 1621 1787 1660 commisso

335 1687 467 1738 prelio
484 1687 668 1725 moritur.

283 1752 406 1791 XXV.
440 1776 491 1783 —-
523 1753 582 1791 De
606 1753 816 1805 sepultura
839 1754 977 1792 domni
1002 1754 1141 1791 Karoli
1165 1755 1275 1806 regis
1292 1756 1443 1808 magni.

326 1885 359 1926 n)
376 1885 544 1925 Eynricus
560 1884 598 1916 G.
