1908 3256
265 301 337 338 124
787 313 971 339 Ammiani
1004 313 1243 338 cnnoxlcox

261 411 382 441 tatem
405 403 628 456 conjunxit.
669 403 727 442 Ibi
769 404 908 442 divisit
931 403 1153 441 exercitum
1187 402 1228 440 in
1249 411 1334 440 tres
1366 411 1504 454 partes
1524 415 1533 448 ;
1557 403 1656 441 duas
1675 411 1758 441 tra-

261 469 363 508 didit
383 470 476 508 filiis
511 471 595 508 suis
616 470 764 522 Pipino
799 478 836 507 et
860 469 1084 515 Ludovico,
1119 469 1285 507 terciam
1324 482 1462 506 secum
1497 469 1679 514 retinuit,
1720 476 1758 506 et

262 538 514 576 Britanniam
545 547 667 577 totam
693 539 800 575 ferro
823 547 860 576 et
884 538 967 589 igni
988 537 1175 583 vastavit,
1201 536 1510 587 consumtisque
1531 548 1582 574 XL
1612 537 1756 575 diebus

260 605 300 642 in
320 604 391 642 hac
414 605 673 656 expeditione
693 612 731 642 et
753 604 967 642 obsidibus
987 611 1086 654 quot
1106 602 1234 641 voluit
1251 603 1445 653 acceptis,
1488 601 1758 653 Rotomagum

260 672 462 710 civitatem
484 684 537 710 xv
569 672 648 710 kal.
675 672 903 710 decembris
944 684 1136 709 reversus
1177 679 1252 708 est.
1281 670 1340 707 Ibi
1379 670 1597 707 adfuerunt
1636 669 1758 721 legati

260 737 472 775 Michaelis
489 738 764 790 imperatoris,
787 738 843 775 ibi
866 736 1096 789 patriarcha
1119 736 1365 774 Fortunatus
1387 734 1677 773 Veneticorum
1711 736 1760 773 ad

259 804 345 856 ejus
360 807 607 857 presentiam
626 807 750 844 venit.
772 806 912 857 Legati
928 805 1186 856 imperatoris
1210 817 1377 841 munera
1398 804 1601 850 deserunt,
1619 817 1759 855 pacem

261 872 501 909 confirmare
526 881 686 924 rogant,
729 880 767 910 et
801 885 877 923 pro
910 871 1131 908 Fortunato
1173 869 1297 907 nichil
1333 869 1457 907 locuti
1498 877 1605 907 sunt.
1650 868 1760 907 Inter

261 948 395 978 cetera
433 953 532 978 vero
569 940 786 992 legationis
826 940 875 977 de
922 939 1142 990 imaginum
1179 938 1443 976 veneratione
1483 937 1757 989 protulerunt,

260 1014 433 1057 propter
455 1007 564 1057 quod
587 1020 629 1044 se
649 1006 818 1044 Romam
849 1005 907 1043 ire
930 1013 968 1042 et
1000 1018 1143 1056 papam
1164 1004 1380 1042 consulere
1400 1004 1606 1041 dixerunt.
1646 1002 1758 1051 Quos

261 1073 437 1125 benigne
473 1074 683 1112 absolutos
721 1074 891 1112 Romam
925 1075 1073 1111 ducere
1108 1072 1248 1125 jussit.
1292 1072 1558 1110 Fortunatam
1596 1085 1758 1124 quoque

256 1138 522 1191 judicandum
535 1153 638 1191 pape
660 1140 823 1186 direxit,
846 1148 884 1178 et
905 1140 993 1191 ipse
1009 1140 1057 1177 ad
1076 1139 1334 1176 hiemandum
1355 1138 1608 1190 Aquisgrani
1624 1151 1759 1176 rever-

263 1221 333 1244 sus
357 1216 432 1245 est.
478 1207 552 1255 Ibi,
592 1222 680 1246 cum
715 1208 940 1246 celebraret
960 1207 1101 1246 Natale
1124 1207 1304 1254 Domini,
1344 1206 1562 1244 nunciatur
1583 1205 1619 1243 ei
1650 1206 1759 1257 quod

258 1273 382 1324 legati
421 1273 532 1325 regis
564 1273 860 1325 Bulgarorume
900 1282 1038 1311 essent
1077 1273 1117 1310 in
1158 1271 1359 1324 Bajoaria.
1401 1272 1560 1321 Quibus
1600 1271 1759 1309 obviarn

259 1341 384 1387 misit,
409 1350 447 1379 et
468 1341 618 1380 ibidem
667 1356 737 1380 eos
758 1356 888 1393 usque
914 1343 963 1380 ad
985 1355 1212 1393 congruum
1233 1350 1394 1392 ternpus
1413 1338 1539 1392 jussit
1559 1339 1756 1392 opperiri.

258 1406 434 1458 Legatos
459 1421 557 1445 vero
579 1407 875 1446 Abodritorum
914 1405 1334 1446 Predecentinorum‘
1356 1406 1425 1457 qui
1457 1405 1618 1443 Datiam
1643 1404 1761 1458 juxta

255 1473 486 1512 Danubium
510 1475 707 1522 incolunt,
733 1476 801 1527 qui
825 1475 880 1513 ibi
909 1484 1039 1521 erant,
1064 1475 1157 1513 ilico
1179 1476 1322 1514 venire
1340 1474 1544 1528 permisit.
1568 1474 1646 1522 Qui
1669 1488 1758 1512 cum

256 1549 527 1591 quererentur
549 1542 597 1579 de
626 1541 899 1593 Bulgarorum
927 1542 1066 1593 iniqua
1086 1542 1344 1580 infestatione
1367 1551 1405 1580 et
1426 1551 1568 1581 contra
1595 1555 1664 1580 eos
1687 1555 1759 1580 au-

254 1608 394 1646 xilium
410 1610 682 1661 postularent,
704 1611 869 1647 domum
892 1610 951 1647 ire
974 1619 1013 1648 et
1031 1611 1166 1649 redire
1187 1613 1236 1650 ad
1251 1619 1414 1662 tempus
1436 1611 1582 1664 legatis
1604 1610 1758 1663 Bulga-

255 1688 393 1712 rorum
437 1676 703 1714 constitutum
728 1674 836 1728 jussi
877 1684 985 1714 sunt.
1027 1676 1223 1728 Suppone
1260 1692 1358 1717 vero
1397 1679 1606 1723 defuncto,
1655 1677 1757 1715 duce

256 1743 484 1794 Spolitano,
522 1743 797 1790 Adhelardus,
823 1758 958 1782 comes
977 1745 1130 1796 palatii,
1158 1747 1330 1784 eundem
1353 1747 1542 1785 ducatum
1559 1746 1754 1798 suscepit.

255 1809 456 1860 Qui‚post
472 1823 633 1847 menses
657 1810 853 1861 quinque,
869 1819 1084 1862 correptus
1108 1812 1236 1858 febre,
1254 1812 1295 1849 in
1316 1814 1458 1851 eodem
1480 1814 1627 1851 ducatu
1641 1811 1754 1850 obiit.

255 1878 481 1915 Successor
497 1878 531 1915 ei
555 1879 671 1916 datus
692 1887 753 1916 est
768 1878 1002 1930 Morfflgus,
1024 1879 1163 1917 Brixie
1178 1894 1330 1927 comes,
1355 1890 1393 1919 et
1426 1881 1515 1933 ipse
1540 1889 1636 1933 post
1656 1893 1757 1932 pau-

253 1957 322 1981 cos
342 1943 428 1981 dies
450 1944 572 1981 vitam
590 1944 732 1982 finivit.
751 1944 880 1982 Eblus
894 1953 1025 1982 autem
1044 1953 1082 1982 et
1096 1944 1313 1984 Asinarius
1328 1947 1512 1995 comites,
1527 1960 1617 1985 cum
1629 1946 1756 1984 Was-

253 2026 399 2050 conum
420 2013 613 2058 exercitu,
635 2013 684 2050 ad
708 2013 989 2064 Pampilonam
1014 2013 1144 2060 missi,
1165 2028 1269 2061 cum,
1290 2025 1458 2066 peracto
1494 2015 1678 2068 negotio,
1696 2027 1756 2052 re-

252 2078 681 2130 verterentur‚injugo
693 2078 1756 2129 PirineiinsidiisperfidorumMontanorumcircum-

252 2146 596 2198 venti‚captisunt
607 2155 644 2184 et
655 2147 857 2184 exercitus
868 2155 977 2184 totus
997 2147 1158 2185 occisus
1171 2156 1246 2185 est.
1269 2149 1399 2187 Eblus
1429 2149 1663 2188 Cordubam
1683 2149 1756 2186 de-

251 2219 438 2268 portatus
464 2224 538 2252 est.
563 2214 780 2253 Asinarius
802 2229 900 2253 vero
921 2215 989 2266 qui
1007 2217 1338 2268 consanguineus
1352 2232 1492 2256 eorum
1515 2226 1599 2256 erat
1620 2217 1690 2268 qui
1712 2231 1755 2255 se

253 2294 460 2336 ceperant,
482 2285 644 2324 domurn
668 2286 802 2324 redire
834 2285 1063 2336 permissus
1097 2296 1171 2325 est.
1206 2287 1440 2335 Lotharius,
1477 2287 1591 2340 juxta
1626 2287 1755 2339 patris

255 2355 500 2401 mandatum,
526 2356 697 2393 Romam
719 2355 944 2405 profectUS,
969 2367 990 2391 a
1010 2368 1114 2406 papa
1134 2356 1320 2407 Eugenio
1343 2370 1431 2394 cum
1452 2356 1634 2395 honoreg
1661 2370 1756 2394 sus-

254 2424 418 2475 cipitur.
446 2421 755 2462 Firmaverunth
780 2423 899 2460 simul
922 2436 1076 2474 pacem.
1115 2424 1253 2463 Status
1286 2438 1384 2463 vero
1401 2426 1543 2478 populi
1583 2425 1758 2464 Romani

255 2494 500 2544 depravatus
524 2494 653 2531 suerat
670 2491 941 2544 perversitate
964 2494 1233 2545 quorumdam
1259 2494 1491 2546 priscorum
1527 2493 1754 2546 presulum,

258 2561 329 2598 sed
356 2574 460 2612 papa
482 2561 670 2612 Eugenio
689 2561 926 2613 imperatori
948 2562 1215 2604 assentiente,
1240 2562 1471 2600 correctusi
1512 2570 1575 2599 est
1611 2561 1684 2608 ibi,
1720 2568 1774 2617 et'

257 2642 398 2666 omnes
423 2629 491 2680 qui
513 2630 685 2667 desolati
707 2638 822 2668 erant
844 2631 966 2668 rebus
987 2631 1088 2676 suis,
1114 2639 1310 2682 ceperunt
1339 2644 1419 2682 que
1448 2630 1682 2675 amiserant,
1720 2636 1758 2666 et

296 2778 327 2814 e)
348 2778 588 2816 Burgarorum
615 2779 651 2813 F.
678 2779 719 2811 G.
737 2797 778 2802 —
806 2781 831 2813 f}
862 2779 1188 2811 Precedeniinorum
1211 2780 1245 2815 F,
1263 2781 1304 2811 G.
1330 2798 1369 2803 —
1389 2782 1424 2820 g)
1449 2779 1638 2810 honorifice
1661 2779 1695 2815 F,
1713 2779 1753 2811 G.

256 2837 295 2843 —
316 2820 351 2860 h)
370 2825 401 2850 et
417 2821 647 2852 firmaverunt
662 2821 728 2852 sibi
747 2821 781 2853 F.
799 2839 839 2844 —
859 2821 883 2862 i)
911 2826 1093 2863 correptus
1115 2822 1152 2857 E,
1176 2822 1212 2854 F.
1237 2822 1278 2854 G.
