1908 3256
689 322 801 346 mni-m
837 321 987 345 pumirs
1543 314 1590 348 423

104 431 120 450 «
144 413 275 451 fecisti
298 413 337 450 in
357 426 418 449 me
435 412 508 448 ho(-
533 420 739 462 perraluui
759 420 793 447 ul
815 412 976 447 fratri-111
997 426 1124 448 {neum
1143 413 1386 451 ‹·‹·‹·i‹.l‹*ru=1n.
1411 413 1588 450 inimicaj

104 496 121 514 «
148 478 310 516 mala?»
342 477 409 524 Et,
433 477 646 527 evaginato
669 475 827 527 gladio,
848 475 973 513 voluit
998 490 1081 512 vam
1101 477 1302 513 oeciderv.
1340 478 1409 514 llla
1444 492 1538 514 vero
1573 493 1591 514 a

102 544 201 582 viris
224 543 429 580 nobilibus
465 542 533 593 qui
565 542 878 579 circumstabant
917 551 1071 592 erepta,
1090 543 1155 579 vix
1178 543 1319 582 evasit,
1340 544 1376 579 iu
1396 558 1590 580 valueram

103 610 246 647 domus
268 609 420 659 elapsa.
446 607 491 644 In
513 607 649 644 odium
670 607 803 657 itaque
828 606 992 643 nimium
1010 606 1158 653 habita,
1184 607 1393 658 pot-ionem
1417 622 1592 645 venena-

103 683 181 713 tam
229 688 303 725 per
326 687 466 711 manus
489 673 769 710 ministrorum
803 672 1073 709 maleficorum
1113 673 1196 723 regi
1222 673 1416 723 porrexit.
1461 673 1592 709 Theo-

103 740 266 777 dericus
289 753 386 777 vero
414 752 485 776 rex
500 739 571 775 hee
597 738 791 789 ignorans
815 738 930 784 bibit,
956 738 1237 789 languensque
1270 739 1409 789 iniquo
1430 739 1590 790 spiritu.

104 807 144 844 in
178 806 356 858 peccatis
383 806 591 846 deficiens,
632 813 813 842 mortuus
845 813 921 850 est,
959 813 997 841 et
1029 804 1133 840 lilios
1159 803 1245 856 ejus
1283 805 1475 856 parvulos
1506 805 1595 856 ipsa

106 871 382 910 Brunichildis
401 871 563 909 occidit:

156 941 219 977 39.
242 937 387 974 —His
410 937 578 989 regibus
614 937 799 976 mortuis.
834 936 1151 987 Burgundiones
1194 946 1231 974 et
1262 936 1466 974 Austrasii
1507 951 1594 973 eum

104 1004 275 1055 reliquis
310 1003 478 1041 Francis
499 1017 598 1054 pace
636 1004 752 1048 facta,
793 1001 1045 1039 Clotharium
1086 1016 1222 1053 regem
1260 1003 1300 1039 in
1339 1003 1434 1040 totis
1465 1003 1594 1040 tribus

106 1069 244 1121 regnis
266 1069 306 1106 in
328 1068 601 1106 monarchiam
625 1068 899 1106 elevaverunt.
926 1068 1011 1104 Rex
1029 1082 1201 1119 namque
1214 1068 1462 1114 Clotharius,
1487 1082 1596 1105 eom-

106 1143 214 1173 moto
231 1134 410 1172 exercitu
426 1134 456 1180 ¹¹,
491 1134 530 1170 in
559 1134 838 1185 Hurgundiam
875 1134 1030 1185 dirigit,
1063 1134 1370 1171 Brunichildem
1410 1134 1526 1184 quasi
1549 1134 1597 1170 ad

106 1199 340 1252 conjugium
379 1200 564 1251 accipere
594 1201 776 1245 deberet,
800 1201 847 1236 ad
890 1214 932 1236 se
955 1199 1096 1236 venire
1127 1200 1286 1251 rogavit
1319 1199 1500 1251 pacifice.
1527 1198 1598 1236 llla

104 1279 218 1312 vero,
241 1265 349 1303 cultu
383 1265 511 1317 regali
533 1274 688 1305 ornata,
712 1265 822 1302 venit
853 1266 901 1302 ad
935 1279 1025 1302 eum
1060 1266 1109 1302 ad
1143 1274 1319 1302 castrum
1352 1265 1413 1302 vel
1434 1264 1596 1302 fluvium

107 1332 242 1370 Tiroa.
268 1331 459 1379 Quicum
490 1331 598 1368 eam*
633 1331 821 1375 vidisset,
854 1331 986 1368 dixit:
1027 1347 1043 1366 α
1076 1330 1242 1367 Inimica
1265 1331 1356 1377 Dei,
1388 1344 1459 1367 cur
1491 1339 1598 1368 tanta

111 1414 127 1433 ι(
162 1398 264 1435 mala
285 1397 566 1448 perpetrasti?
590 1405 626 1434 et
648 1405 796 1434 tantam
835 1396 1116 1448 genealogiam
1154 1396 1331 1448 regalem
1372 1397 1597 1433 interficere

109 1481 126 1500 (ι
161 1477 258 1502 ausa
280 1463 390 1501 fuisti
409 1466 423 1500 9
447 1479 463 1498 ›>
488 1463 616 1505 Tunc,
642 1464 866 1500 coadunato
885 1462 1077 1508 exercitu,
1103 1471 1229 1500 morte
1250 1463 1489 1513 turpissima
1509 1476 1599 1500 esse

108 1529 391 1581 dignissimam
401 1527 569 1580 jubente
587 1528 889 1579 Clotariorege‚
908 1528 948 1565 in
965 1528 1118 1565 camelo
1136 1529 1278 1574 levata,
1296 1537 1334 1565 et
1347 1536 1429 1565 tota
1444 1528 1558 1566 hoste
1575 1535 1599 1550 ¹¹¹

108 1596 252 1647 girata,
274 1595 421 1632 deinde
444 1608 642 1645 equorum
666 1594 954 1631 indomitorum
995 1594 1170 1645 pedibus
1212 1595 1348 1645 ligata,
1389 1592 1600 1644 dissipatis

109 1661 319 1707 membris,
345 1660 458 1697 obiit.
491 1659 554 1697 Ad
577 1668 799 1697 extremum
823 1659 1085 1711 sepulchrum
1107 1658 1194 1711 ejus
1216 1660 1324 1711 ignis
1347 1659 1419 1696 fuit
1440 1667 1478 1696 et
1508 1672 1601 1695 ossa

108 1726 195 1779 ejus
218 1728 429 1764 combusta
450 1735 558 1763 sunt.
584 1726 672 1763 Rex
684 1739 782 1764 vero
809 1739 882 1777 per
898 1726 1125 1772 circuitum,
1150 1740 1248 1777 pare
1271 1728 1386 1769 facta,
1410 1737 1600 1762 reversus

109 1802 184 1830 est.
207 1792 492 1837 Gundoaldus,
527 1791 694 1838 nobilis,
719 1789 846 1842 major
886 1792 1030 1828 domus
1066 1791 1105 1828 in
1128 1792 1215 1829 aula
1238 1791 1364 1842 regis,
1395 1791 1458 1828 vir
1481 1803 1600 1841 egre-

111 1859 204 1910 gius
229 1866 348 1909 atque
370 1858 597 1895 industrius
616 1857 702 1894 fuit.

166 1926 226 1962 40.
252 1946 303 1951 —
325 1922 505 1973 Eratque
536 1922 744 1960 Clothario
767 1923 855 1973 regi
877 1931 971 1960 tunc
993 1922 1100 1959 filius
1122 1923 1284 1959 nomine
1323 1922 1598 1973 Dagobertus‚

109 2001 212 2040 puer
234 1988 374 2025 efficax
398 1995 517 2038 atque
541 1996 748 2033 strenuuS‚
784 1988 832 2024 ad
867 1987 1002 2024 omnia
1035 1987 1181 2024 sollers
1217 1995 1255 2024 et
1274 1985 1599 2024 versutissimus.

112 2054 241 2101 Quem
263 2066 336 2090 rex
358 2053 537 2090 adultum
558 2066 638 2090 una
659 2066 748 2089 eum
766 2052 915 2103 Pipino
938 2053 1039 2090 duee
1070 2053 1110 2089 in
1132 2051 1307 2089 Austros
1340 2059 1602 2102 regnaturum

110 2119 272 2158 direxit.
296 2118 501 2156 Austrasii
519 2132 617 2157 vero
640 2127 678 2156 et
700 2118 937 2169 superiores
962 2118 1107 2156 Franci
1131 2117 1367 2169 congregati
1401 2117 1441 2154 in
1464 2130 1600 2161 unum,

111 2185 392 2237 Dagobertum
410 2198 535 2236 super
569 2199 612 2222 se
642 2198 782 2236 regem
816 2192 1010 2221 statuunt.
1050 2183 1094 2220 In
1130 2183 1210 2220 illis
1241 2197 1402 2234 quoque
1443 2182 1600 2226 diebus,

111 2250 309 2297 Saxones,
333 2250 508 2288 rebelles
531 2250 667 2296 nimis,
691 2259 996 2287 commoverunt
1018 2250 1239 2287 exercitum
1268 2248 1448 2300 gentium
1470 2246 1603 2298 pluri-

111 2329 264 2353 marum
298 2324 438 2353 eontra
469 2314 749 2366 Dagobertum
786 2329 925 2367 regem
954 2315 1018 2353 vel
1041 2314 1306 2352 Clotharium.
1342 2313 1602 2364 Dagobertus

110 2394 222 2427 vero,
247 2380 416 2418 collecto
439 2381 554 2418 hoste
577 2380 752 2432 plurima
766 2380 992 2427 ¹¹‚Hrenum
1014 2380 1176 2418 transiit
1203 2388 1241 2417 et
1262 2388 1401 2416 contra
1425 2378 1605 2415 Saxones

111 2448 160 2485 ad
181 2461 358 2499 pugnam
378 2447 436 2484 ire
460 2460 541 2483 non
564 2446 775 2483 dubitavit.
797 2445 966 2497 Illisque
988 2445 1120 2483 valide
1143 2444 1436 2496 pugnantibus,
1462 2444 1601 2494 Dago-

110 2513 250 2550 bertus
272 2525 397 2563 super
414 2511 569 2563 galeam
586 2510 730 2562 capitis
753 2511 815 2548 sui
834 2524 1058 2562 percussus
1076 2518 1137 2547 est
1159 2518 1197 2546 et
1218 2508 1378 2546 abscisa
1393 2516 1453 2545 est
1476 2507 1603 2558 parti-

112 2577 201 2615 cula
222 2578 270 2615 de
284 2577 444 2628 capillis
470 2575 557 2628 ejus
574 2590 693 2627 quam
718 2590 739 2613 a
760 2584 870 2613 retro
894 2585 1005 2614 stans
1027 2576 1205 2627 armiger
1226 2573 1311 2625 ejus
1351 2573 1528 2624 collegit.
1554 2571 1605 2609 At

112 2642 178 2680 ille
218 2642 348 2680 lesum
387 2655 559 2680 cernens
599 2642 795 2693 populum
837 2655 969 2687 suum,
1012 2641 1111 2678 dixit
1153 2641 1201 2678 ad
1240 2652 1410 2691 puerum
1452 2650 1566 2674 suum
1591 2650 1597 2671 ε

150 2777 177 2819 j)
200 2777 330 2807 inimici
352 2779 388 2807 A.
413 2795 451 2799 —
474 2778 506 2818 k)
523 2777 708 2808 commovit
732 2777 918 2807 exercitum
950 2777 987 2807 D.
1013 2777 1048 2806 E.
1070 2776 1103 2807 Ι).
1127 2776 1166 2807 (ᾖ.
1193 2792 1228 2797 -
1245 2775 1266 2813 lj⁴
1288 2785 1325 2803 oa
1342 2776 1422 2803 Af-
1446 2784 1490 2811 un)
1512 2775 1609 2800 nocte

115 2838 150 2867 E.
174 2855 212 2859 —-
227 2838 262 2877 n)
283 2837 436 2879 plurima
457 2837 560 2872 deest.
578 2836 611 2869 F.
629 2836 669 2868 G.
