1908 3256
617 321 736 347 Lmen
767 320 978 347 sncuxnus
1505 313 1555 347 00

60 409 302 463 injunctum,
327 409 435 462 apud
456 409 651 461 Pipinum
675 410 787 448 Italie
809 423 947 461 regem
974 410 1186 448 moliretur
1207 423 1343 461 agere,
1378 411 1553 449 XVilaro-

61 489 139 515 nus
161 485 199 515 et
220 476 387 521 Beatus,
412 476 538 513 duces
557 475 767 521 Venetiae,
788 475 961 513 insidias
993 475 1028 512 ei
1063 477 1275 526 parabant,
1317 483 1355 513 et
1390 476 1553 514 illorum

60 542 200 580 fraude
216 541 393 593 cognita,
417 540 648 578 discessity.
672 541 857 578 Domnus
882 553 981 577 vero
1015 539 1251 578 Luduvicus
1291 554 1376 586 rex,
1402 540 1554 592 Hispa-

60 606 167 645 niam
185 605 586 652 intrans‚Tortosam
609 606 811 644 civitatem
827 605 867 642 in
887 605 977 656 ripa
1000 605 1143 643 Hiberi
1170 606 1349 643 fluminis
1376 607 1552 651 obsedit,

62 681 101 711 et
127 681 223 725 post
253 672 407 710 mensis
429 672 551 710 unius
571 672 784 718 circulum,
810 685 900 710 cum
919 685 1004 709 eam
1026 672 1185 709 videret
1216 686 1296 709 non
1327 686 1451 724 posse
1474 673 1553 710 cito

61 738 166 790 capi,
191 745 230 775 et
250 737 384 775 omnis
407 737 607 789 Hispania
622 737 671 775 de
692 736 931 774 Sarracenis
946 745 1089 774 contra
1107 751 1197 774 eum
1217 746 1553 788 congregaretur,

60 803 230 842 dimissa
245 803 571 849 obsidione,cum
587 802 778 840 incolomi
799 802 978 840 exercitu
995 802 1036 840 in
1052 801 1312 853 Aquitaniam
1330 816 1372 840 se
1386 803 1554 854 recepit.

62 870 182 908 Missi
204 883 302 908 vero
320 883 425 921 pape
446 877 485 907 et
504 868 768 921 imperatoris
791 869 840 906 de
864 868 1040 906 Irlandis
1056 876 1328 914 revertentes,
1349 867 1556 913 Aldulqu,

64 950 169 974 unus
186 950 232 974 ex
250 936 324 981 eis,
341 944 482 987 captus
498 943 560 973 est
577 949 598 972 a
615 934 760 987 piratis
777 943 816 972 et
837 935 984 972 ductus
1006 934 1047 971 in
1071 933 1339 979 Britanniam,
1364 942 1401 971 et
1415 947 1435 970 a
1457 947 1560 984 quo-

59 1003 149 1040 dam
163 1002 274 1054 regis
296 1001 447 1039 Irlandi
463 1001 625 1039 homine
641 1001 896 1052 redemptus,
916 1000 1085 1037 Romam
1112 1013 1304 1037 reversus
1324 1008 1401 1037 est.
1422 999 1558 1037 Ceteri

57 1067 146 1105 sani
167 1067 209 1105 in
229 1067 441 1105 Franciam
456 1066 614 1104 reversi
637 1074 745 1104 sunt.
771 1066 886 1104 Tunc
910 1066 1133 1117 depredata
1154 1074 1216 1103 est
1247 1079 1268 1102 a
1302 1065 1447 1103 Grecis
1485 1065 1555 1116 qui

62 1133 261 1171 Oroboite
285 1138 502 1170 vocanturz
531 1132 823 1183 Populonium,
849 1131 991 1169 civitas
1026 1131 1188 1169 Tuscie.
1224 1131 1356 1168 Mauri
1393 1144 1556 1181 quoque

59 1199 108 1236 de
132 1198 331 1250 Hispania
347 1197 556 1236 Corsicam
578 1197 774 1249 ingressi,
795 1197 836 1234 in
869 1198 1038 1234 sabbato
1071 1205 1212 1234 sancto
1242 1196 1423 1233 Paschae
1459 1195 1554 1232 civi-

56 1271 179 1302 tatem
195 1264 396 1315 quandam
419 1263 694 1314 diripuerunt,
721 1270 759 1300 et
780 1271 920 1313 preter
939 1262 1180 1313 episcopum
1197 1270 1235 1299 et
1260 1274 1413 1312 paucos
1436 1274 1555 1298 senes

55 1338 94 1367 et
114 1329 297 1367 infirmos
336 1329 437 1367 nihil
460 1329 500 1366 in
524 1342 570 1366 ea
590 1328 863 1379 reliquerunt.
888 1328 1049 1365 Interea
1089 1327 1342 1372 Gotefridus,
1369 1340 1439 1363 rex
1473 1326 1554 1363 Da-

54 1409 214 1441 norum,
230 1409 305 1447 per
320 1395 598 1447 negotiatores
618 1408 721 1445 quos
734 1394 851 1431 clama
869 1394 1071 1431 mandavit
1094 1406 1136 1430 se
1158 1393 1321 1430 audisse
1346 1392 1455 1443 quod
1476 1391 1552 1428 im-

55 1469 222 1512 perator
243 1461 279 1499 ei
309 1469 418 1499 esset
458 1460 584 1497 iratus
623 1467 796 1511 propter
834 1459 1057 1497 exercitum
1090 1459 1130 1496 in
1170 1456 1408 1496 Abodritisb
1447 1470 1551 1494 anno

55 1527 287 1578 superiore,
310 1535 348 1564 et
363 1526 459 1578 quia
479 1524 751 1577 objiciebatur
772 1525 808 1563 ei
822 1525 977 1563 sederis
995 1524 1188 1576 irruptio,
1207 1532 1243 1561 et
1258 1523 1375 1575 petiit
1396 1531 1438 1560 ut
1459 1535 1552 1560 con-

54 1601 200 1630 ventus
225 1593 415 1630 comitum
440 1591 692 1629 Francorum
715 1599 753 1628 et
784 1605 954 1629 suorum
977 1589 1093 1643 juxta
1114 1590 1315 1628 terminos
1339 1589 1456 1640 regni
1488 1589 1549 1625 sui

54 1666 167 1696 trans
190 1657 351 1695 Albiam
373 1657 501 1703 fieret,
526 1657 740 1707 professus
781 1661 851 1693 seC
881 1656 1096 1693 emendare
1130 1656 1278 1693 domno
1314 1654 1550 1705 imperatori

55 1723 161 1761 sicut
180 1731 321 1761 contra
342 1737 432 1761 eum
455 1722 623 1774 egisset.
653 1721 840 1759 Timebat
879 1722 985 1759 enim
1028 1735 1077 1759 ne
1114 1722 1287 1758 domnus
1328 1720 1550 1770 imperator

56 1787 233 1826 Karolus
255 1788 478 1826 exercitum
496 1787 748 1825 Francorum
774 1787 953 1825 mitteret
975 1800 1100 1838 super
1124 1786 1276 1823 Danos.
1314 1784 1404 1822 Non
1438 1785 1548 1821 resu-

51 1855 152 1893 tavit
189 1854 413 1905 imperator
445 1853 707 1905 conloquium
748 1852 835 1905 ejus
873 1861 984 1891 trans
1019 1852 1194 1898 Albiam,
1231 1852 1318 1897 sed,
1342 1864 1422 1888 non
1446 1851 1548 1887 bene

53 1920 167 1958 finito
183 1919 348 1972 placito,
368 1920 580 1958 discessus
598 1918 690 1957 esta.
708 1919 862 1957 Trasco
884 1932 999 1965 vero,
1013 1919 1094 1956 dux
1110 1917 1421 1961 Abodritorum,
1434 1915 1550 1967 petiit

53 1985 247 2024 auxilium
265 1986 314 2023 ab
336 1985 583 2037 imperatore
604 1992 777 2036 propter
798 1984 924 2022 filium
947 1998 1079 2030 suum,
1101 1997 1221 2035 quem
1243 1982 1395 2020 invitus
1424 1981 1549 2019 dede-

53 2059 115 2090 rat
135 2050 364 2097 Gotefrido‚
386 2050 455 2102 qui
471 2049 584 2087 misit
605 2063 694 2087 cum
727 2063 774 2087 eo
798 2049 980 2088 Saxones
1001 2063 1127 2101 super
1142 2048 1321 2093 NVilzos,
1357 2055 1395 2084 et
1427 2059 1548 2098 agros

54 2130 194 2155 eorum
233 2117 457 2155 dederunte
488 2115 574 2167 igni
615 2123 653 2152 et
680 2124 843 2167 gentem
885 2117 993 2153 ferro
1035 2116 1364 2158 devastaverunt,
1395 2121 1433 2150 et
1460 2125 1547 2149 cum

54 2196 199 2235 magna
215 2183 344 2234 preda
364 2182 522 2220 reversi
538 2189 646 2218 sunt.
672 2180 770 2218 Item
794 2181 940 2219 Franci
975 2195 1064 2219 cum
1101 2180 1332 2218 Saxonibus
1356 2177 1549 2215 Smeldil-

53 2247 223 2301 gorumf
243 2248 455 2286 maximam
471 2247 673 2285 civitatem
694 2256 944 2299 expugnant,
969 2255 1007 2284 et
1033 2247 1096 2284 his
1124 2245 1385 2284 successibus
1407 2255 1548 2280 omnes

55 2315 124 2367 qui
145 2315 193 2352 ab
214 2314 462 2365 imperatore
478 2313 710 2351 defecerant
738 2312 787 2350 ad
810 2326 922 2350 suam
942 2312 1136 2350 ditionem
1164 2317 1438 2348 revertuntur.

109 2383 172 2420 22.
191 2403 243 2409 —
263 2379 338 2417 His
362 2378 497 2430 itaque
519 2378 648 2430 gestis
671 2377 897 2429 imperator
918 2379 967 2416 de
982 2377 1178 2416 Ardenna
1195 2375 1326 2427 Aquis
1342 2386 1549 2419 reversuS,

62 2459 203 2485 mense
223 2446 438 2484 novembri
455 2445 673 2483 concilium
691 2444 833 2482 habuit
854 2445 904 2482 de
923 2443 1081 2496 Spiritu
1104 2451 1244 2480 sancto
1271 2440 1517 2492 procedente
1533 2451 1553 2474 a

66 2512 188 2551 Patre
209 2521 248 2550 et
264 2512 383 2558 Filio,
398 2525 516 2563 quam
533 2511 792 2563 questionem
810 2510 1018 2558 Johannes
1035 2509 1199 2561 quidam
1222 2498 1442 2545 monachus
1454 2504 1554 2541 Hie-

68 2578 304 2617 rosolimisss
323 2579 480 2630 primus
500 2577 823 2623 commendavit3
843 2575 957 2628 cujus
980 2572 1232 2614 diffiniendi¹¹
1253 2586 1386 2617 causa,
1404 2571 1555 2608 Berne-

131 2691 141 2731 )
162 2690 327 2721 discessit
345 2691 439 2720 deest
453 2691 490 2721 E.
507 2708 548 2713 —
568 2691 598 2730 z)
619 2690 677 2730 qui
705 2689 870 2721 Oroboite
886 2693 1055 2721 vocantur
1070 2686 1208 2718 deestE
1255 2685 1331 2722 ‚G.
1354 2702 1392 2706 -
1407 2683 1555 2723 a)qUOS-·

66 2733 147 2763 dam
168 2733 207 2770 D,
230 2734 268 2764 E.
289 2750 331 2756 —-
350 2733 387 2773 b)
407 2732 594 2763 Abodritos
621 2734 659 2762 A.
676 2749 716 2755 —
736 2733 766 2772 c)
788 2736 822 2762 et.
847 2732 1029 2772 professus
1051 2733 1104 2759 cst
1124 2729 1161 2764 F,
1184 2686 1254 2759 G.I
1249 2747 1276 2750 —
1306 2727 1326 2756 d
1362 2725 1415 2755 dis
1420 2735 1555 2754 cessum

62 2775 98 2810 F,
121 2775 162 2806 G.
185 2775 269 2814 —e)
303 2774 473 2805 dederunt
502 2774 596 2803 deest
621 2775 658 2807 A,
676 2774 716 2803 D.
738 2791 779 2796 --
800 2774 823 2813 f)
858 2773 1088 2813 Medilgorum
1122 2771 1158 2805 E,
1181 2770 1218 2805 Ε
1241 2769 1280 2801 G.
1303 2786 1343 2791 —
1364 2768 1398 2807 g)
1439 2766 1556 2796 Hiero-

60 2817 281 2847 solimitanus
298 2817 333 2846 E.
352 2834 389 2840 —-
406 2817 441 2856 h)
463 2815 663 2846 deffiniendi
684 2817 721 2851 A,
738 2815 776 2845 D.
