1908 3256
456 587 726 646 LIBER
816 586 1289 647 SECUNDUS

709 874 988 914 CAPITULA
1013 877 1020 896 ¹

122 1114 150 1151 1.
183 1137 234 1142 ——
266 1114 324 1151 De
348 1114 586 1165 genealogia
608 1114 744 1151 domni
764 1114 900 1151 Karoli
918 1114 1026 1165 regis
1044 1123 1081 1151 et
1097 1115 1395 1165 computatione
1412 1129 1608 1153 annorum

173 1181 221 1216 ab
237 1179 395 1231 origine
419 1179 571 1217 mundi.

122 1244 172 1282 ΙΙ.
204 1268 256 1272 --
286 1245 346 1282 De
369 1259 471 1295 aqua
494 1245 653 1282 sicienti
677 1245 871 1282 exercitui
904 1245 1153 1282 Franmu‘um
1195 1246 1386 1284 divinitus
1420 1247 1610 1285 attributa

171 1318 209 1347 et
231 1310 403 1347 ecclesia
418 1311 564 1348 Sancte
588 1310 716 1347 Marie
738 1312 786 1348 ab
810 1311 902 1362 igne
925 1311 1104 1347 defensa.

121 1375 189 1412 III.
224 1399 275 1403 ——
309 1375 428 1423 Quod
444 1377 617 1413 domnus
637 1376 810 1413 Karolus
835 1376 999 1427 Papiam
1024 1377 1184 1414 obsedit
1201 1385 1238 1414 et
1271 1377 1393 1428 cepit,
1414 1378 1609 1415 etiterum

173 1441 325 1478 Italiam
347 1441 562 1493 ingressus
586 1442 843 1493 Rotgaudum
860 1442 1001 1478 ducem
1024 1442 1184 1479 occidit.

120 1506 186 1544 lV.
219 1530 270 1535 —-
302 1507 420 1555 Quod
456 1507 654 1553 Saxones,
686 1508 778 1545 dum
802 1507 1014 1545 ecclesiam
1056 1507 1201 1545 Sancte
1235 1507 1361 1545 Mario
1394 1509 1611 1546 incendere

172 1581 383 1624 cuperent,
403 1573 543 1611 celesti
567 1573 715 1611 virtute
756 1572 938 1610 exterriti
974 1572 1122 1609 mutuis
1162 1573 1398 1611 vulneribus
1426 1574 1610 1611 concide-

172 1647 284 1676 runt.

122 1703 166 1740 V.
199 1727 250 1731 -—
281 1704 360 1742 Ubi
378 1705 550 1741 domnus
575 1703 749 1742 Karolus
773 1704 1012 1756 Hispaniam
1036 1714 1073 1743 et
1086 1704 1349 1742 XYasconiam
1363 1703 1608 1755 subjugavit,

172 1778 210 1807 et
225 1771 273 1807 de
296 1770 561 1807 rebellatione
584 1770 788 1808 Saxonum
805 1779 843 1808 et
865 1772 1090 1809 devictione
1107 1772 1354 1809 eorumdem.

117 1833 186 1872 VI.
218 1858 270 1863 ——-
300 1835 380 1874 Ubi
403 1835 578 1873 Kar-olus
597 1845 738 1874 contra
755 1836 935 1874 Saxones
952 1837 1101 1875 bellum
1117 1837 1246 1888 gessit
1263 1845 1299 1874 et
1312 1836 1525 1888 plusquam
1542 1850 1611 1874 sex

172 1900 298 1938 millia
312 1914 360 1938 ex
376 1901 434 1938 eis
450 1901 613 1938 occidit.

116 1966 205 2003 Vll.
237 1989 288 1994 —
318 1966 379 2004 De
397 1966 600 2004 Saxonum
622 1966 885 2005 rebellatione
903 1976 941 2005 et
962 1967 1097 2005 mullis
1111 1968 1252 2019 preliis
1269 1976 1408 2006 contra
1423 1981 1492 2006 eos
1515 1981 1610 2019 ges-

169 2033 222 2070 tis
245 2041 283 2070 et
305 2033 484 2070 exercitu
507 2032 547 2069 in
570 2033 824 2070 Britanniam
846 2033 1106 2071 transmisso.

117 2096 228 2135 VIII.
260 2120 312 2126 -—
343 2098 422 2136 Ubi
446 2097 622 2135 Karolus
652 2098 823 2135 Romam
844 2099 955 2136 venit
982 2107 1034 2144 et,
1060 2099 1440 2137 contentioneinter
1462 2098 1611 2137 Roma-

171 2177 246 2201 nos
268 2163 468 2210 habita‚et
490 2164 776 2215 grammaticos
793 2173 831 2202 et
847 2164 1112 2202 calculatores
1135 2165 1317 2216 appetiit.

119 2227 186 2266 IX.
221 2252 272 2257 —-
303 2229 382 2267 Ubi
418 2229 592 2267 Karolus
628 2230 900 2276 Tassilonem,
923 2229 1203 2281 Bajoariorum
1244 2231 1401 2276 ducem,
1438 2229 1530 2281 quia
1568 2229 1607 2266 in

170 2294 359 2332 fidelitate
382 2293 468 2346 ejus
490 2296 714 2346 perdurare
737 2295 928 2341 noluerit,
953 2296 1156 2333 tonsorari
1174 2296 1369 2347 precepit.

117 2358 166 2397 X.
199 2383 250 2388 —
280 2360 359 2399 Ubi
413 2360 587 2398 Karolus
628 2361 669 2398 in
711 2360 963 2399 Sclavaniam
1002 2362 1113 2399 venit
1146 2370 1183 2399 ct
1222 2374 1306 2398 eam
1347 2361 1425 2399 sibi
1466 2359 1608 2412 subju-

172 2425 294 2476 gavit.

116 2488 186 2528 XI.
218 2513 270 2519 —
299 2490 379 2530 Ubi
403 2490 577 2529 Karolus
600 2500 740 2529 contra
761 2491 920 2531 Avaros
941 2491 1138 2544 pugnavit
1151 2499 1188 2529 et
1203 2492 1310 2529 vicit.

159 2699 172 2728 1
200 2698 260 2729 Cet
279 2698 381 2729 index
403 2710 437 2730 se
458 2703 579 2731 trouve
594 2700 680 2730 dans
702 2701 751 2731 les
776 2712 860 2731 mss.
885 2701 920 2735 E,
939 2701 973 2736 F,
997 2701 1036 2736 G,
1059 2712 1099 2729 cn
1124 2703 1190 2730 tete
1211 2699 1255 2729 du
1278 2699 1363 2730 livre
1385 2699 1426 2728 11.
1453 2699 1479 2728 Il
1507 2708 1547 2728 ne
1570 2708 1604 2729 se

117 2738 293 2780 distingue
332 2741 419 2771 dans
454 2746 530 2771 tous
578 2753 633 2771 ces
674 2753 757 2772 mss.
794 2753 858 2783 par
879 2753 1011 2772 aucune
1038 2742 1221 2771 diffi'n-ence
1241 2741 1344 2778 digne
1361 2740 1466 2770 d'ctre
1489 2739 1606 2779 signa-

116 2780 178 2811 lee.
197 2782 220 2811 Ε
238 2786 270 2811 et
291 2782 314 2813 F
335 2787 512 2823 comptent
533 2784 569 2812 25
592 2783 694 2824 chap.
718 2787 750 2813 et
773 2785 800 2813 (ἲ
826 2785 876 2818 24,
900 2784 987 2813 mais
1010 2788 1086 2813 tous
1111 2782 1193 2812 n-ois
1225 2784 1434 2812 renserment
1467 2785 1603 2810 exacte-

118 2827 210 2852 ment
224 2823 273 2853 les
295 2827 423 2854 memes
445 2824 619 2854 matie-res.
645 2825 764 2854 Lcms.
783 2825 808 2854 D
824 2826 878 2855 n'a
899 2836 963 2866 pas
986 2829 1039 2854 cet
1055 2824 1167 2854 index.
