1908 3256
630 364 747 389 muniz
779 364 954 389 TERTIUS
1456 351 1527 385 1933

31 455 82 497 lit
105 453 386 511 supradictus
408 453 659 497 &villelmus
683 470 762 510 pro
786 453 1008 509 sepultura
1028 468 1102 493 sua
1126 453 1286 492 Sancto
1309 450 1528 506 Eparchio

36 526 212 567 diversa
240 534 281 566 et
304 524 503 582 preciosa
532 540 712 565 munera
729 532 760 570 Β,
786 541 890 565 auro
914 533 953 564 ot
978 532 1161 581 argento
1197 522 1348 571 multo,
1374 531 1412 561 οἱ
1437 537 1529 561 eur-

36 597 174 655 pivith
196 598 447 641 Vasnacum
471 596 676 642 Boscum,
700 605 739 637 ct
764 595 922 637 laxavit
939 594 1024 635 duo
1047 594 1307 635 candelabra
1324 601 1528 649 argentea

35 668 270 726 pensantia
290 676 515 709 trecentos
538 666 719 716 solidos,
745 675 787 707 et
809 666 967 707 laxavit
995 681 1122 706 unam
1152 680 1326 705 crucem
1355 679 1526 704 auream

30 756 128 782 cum
152 739 338 800 gemmis
361 738 752 795 processionalem.

94 812 163 855 67.
190 837 248 843 -
270 810 471 851 Crastina
494 825 595 849 vero
631 817 729 865 post
753 808 1022 865 sepulturam
1057 808 1150 863 ejus
1173 805 1242 846 die
1266 804 1410 846 Blavia
1440 820 1527 844 cas-

38 891 155 924 trum
184 881 285 923 dolo
314 882 586 922 subtractum
616 889 681 921 cst
712 880 862 922 comiti
890 879 1080 920 Alduino
1114 894 1135 919 a
1170 877 1368 919 Jossredo
1398 876 1527 916 fratre

40 954 151 1011 ejus.
182 953 308 994 Moxi
342 968 489 993 comes
513 952 711 993 llduinus
733 968 830 992 cum
853 951 1013 991 virtute
1038 948 1215 990 militari
1244 948 1347 989 illuc
1369 946 1526 991 tendit,

41 1034 83 1066 ct
105 1025 192 1066 cito
208 1024 351 1081 ipsum
375 1033 566 1065 castrum
589 1023 767 1080 capiens
784 1023 828 1063 in
850 1022 1119 1063 deditionem
1137 1020 1322 1076 accepit,
1342 1028 1383 1059 et
1400 1018 1529 1058 missa

38 1096 129 1137 illic
166 1095 364 1137 custodia
393 1095 599 1145 militum,
642 1094 913 1154 Egolismam
949 1092 1199 1151 regreditur
1228 1091 1278 1131 ad
1308 1090 1529 1131 celebran-

41 1166 144 1208 dum
172 1167 357 1208 Pascha.
389 1167 486 1218 Quo
520 1182 741 1225 regresso,
780 1164 913 1206 frater
944 1165 1037 1220 ejus
1071 1162 1295 1204 Jossredus
1331 1177 1408 1218 per
1436 1161 1529 1201 dios

38 1237 303 1279 lortissimos
326 1238 566 1278 Parasceve
590 1246 631 1278 et
666 1236 918 1293 sepulturae
948 1244 989 1276 et
1016 1235 1210 1275 Paschae
1252 1242 1403 1274 contra
1434 1233 1528 1273 Bla-

30 1309 143 1351 viam
167 1309 361 1351 extruxit
383 1309 501 1350 aliud
536 1325 695 1350 novum
730 1307 974 1349 castellum.
1001 1308 1091 1347 Hoc
1126 1314 1370 1362 comperto,
1397 1303 1527 1344 lldui-

31 1396 112 1421 nus
135 1396 412 1438 nequaquam
442 1378 743 1436 praetermisit
771 1394 880 1435 opus
902 1377 1000 1427 Dei,
1027 1376 1102 1417 scd
1126 1393 1221 1417 cum
1253 1391 1406 1433 magna
1436 1374 1524 1433 glo-

30 1451 95 1493 ria
111 1461 153 1493 et
169 1451 342 1493 laeticia
355 1461 553 1492 sanctum
564 1451 733 1492 Pascha
749 1449 1003 1492 celebravit.
1020 1450 1074 1489 Et
1091 1457 1189 1505 post
1208 1447 1322 1488 diem
1337 1446 1522 1487 tercium

34 1523 301 1574 festivitatis,
327 1532 547 1564 commoto
576 1522 716 1563 electo
740 1521 952 1571 exercitu,
978 1520 1030 1561 acl
1059 1520 1222 1561 bellum
1251 1517 1524 1559 committen-

34 1594 137 1636 dum
166 1594 300 1646 exiit3
326 1594 551 1636 audiverat
579 1594 695 1635 enim
729 1593 909 1635 fratrem
942 1609 1065 1633 suum
1089 1591 1197 1632 velle
1234 1606 1330 1631 cum
1354 1605 1404 1629 eo
1426 1604 1525 1628 eon-

34 1665 128 1726 fligi
151 1675 193 1707 et
215 1666 457 1707 exercitum
492 1665 743 1725 adgregari.
776 1666 927 1722 Itaque
959 1673 1150 1705 castrum
1184 1661 1354 1703 noviter
1383 1659 1526 1700 muni-

32 1746 124 1778 tum
147 1735 363 1787 obsedit³‚
390 1746 432 1778 et
454 1736 643 1794 prelium
667 1737 973 1794 praestabatur
1002 1734 1137 1776 feroci
1161 1732 1308 1775 corde.
1337 1731 1423 1773 Sed
1455 1746 1526 1771 ne-

35 1825 254 1867 quaquam
278 1808 414 1850 srater
446 1810 540 1866 ejus
574 1808 814 1865 presumsit
848 1824 945 1849 eum
986 1807 1204 1848 lacescere
1239 1804 1292 1845 ad
1315 1818 1523 1862 pugnam,

35 1879 189 1922 videns
223 1881 450 1922 robustam
486 1896 583 1921 eum
616 1880 779 1921 habere
812 1895 1009 1929 manum3
1047 1876 1121 1919 etk
1156 1885 1255 1934 post
1288 1874 1381 1915 dies
1410 1882 1524 1923 octo,

37 1961 290 2011 expugnato
313 1961 356 1993 et
377 1961 505 2009 capto
528 1960 688 2002 castro,
716 1951 903 2008 supplex
928 1950 1047 1991 venit
1069 1949 1122 1991 ad
1144 1965 1259 1999 eum,
1291 1946 1360 1988 cui
1395 1944 1528 2002 proti-

35 2039 116 2065 nus
140 2039 286 2064 comes
310 2023 510 2065 llduinus
527 2023 696 2083 ignovit
719 2032 761 2065 et
782 2039 934 2080 pacem
970 2020 1209 2071 consensit,
1236 2028 1278 2061 et
1307 2017 1407 2059 sacti
1430 2024 1529 2057 sunt

34 2095 180 2137 amici.
205 2096 261 2136 Et
281 2104 387 2137 tunc
410 2095 455 2137 in
488 2095 705 2137 beneficio
738 2104 830 2137 tres
865 2103 1012 2152 partes
1047 2092 1220 2135 Blaviae
1255 2105 1401 2131 comes
1430 2104 1528 2128 (⁸011-

35 2169 170 2210 cessit
194 2168 319 2210 fratri
342 2185 420 2210 suo
448 2167 666 2219 Josfredo‚
691 2177 891 2225 quartam
915 2166 1000 2208 sibi
1023 2164 1221 2214 retinuit,
1252 2171 1295 2204 et
1316 2160 1529 2203 conditio-

36 2240 167 2282 nibus
190 2240 400 2300 congruis
422 2239 641 2297 pacificati
669 2249 770 2281 sunt
791 2255 938 2281 amore
965 2237 1230 2295 praecipu‹›¹.

77 2360 111 2399 g)
133 2364 204 2390 tam
224 2359 259 2389 in
276 2359 379 2389 terris
395 2370 499 2399 qnam
515 2359 548 2388 in
567 2359 647 2393 filis.
665 2369 750 2388 auro
771 2363 804 2388 et
829 2362 974 2397 argento
1001 2357 1108 2387 multo
1132 2356 1278 2395 aliisque,
1302 2354 1416 2384 rebus.
1440 2353 1531 2381 luter

35 2406 148 2431 cetera
188 2401 334 2431 donaria
355 2401 479 2430 obtulit
515 2412 651 2430 erucem
679 2411 820 2430 auream
848 2396 924 2430 mim
947 2399 1092 2437 gemmis
1126 2396 1292 2438 preciosis
1329 2398 1528 2435 psaisnnlvm

36 2443 147 2473 libras
188 2447 332 2483 septem,
376 2442 587 2472 ‹·and‹=labra
628 2446 793 2482 argentea
837 2438 1080 2471 Sarrasenisea
1120 2440 1309 2470 fabrefacta
1350 2435 1530 2476 pensantia

35 2484 146 2514 libras
167 2484 364 2525 quindecim
382 2484 404 2513 C
425 2485 498 2513 ¹.-
518 2484 552 2523 h)
587 2494 666 2513 sans
698 2483 800 2512 doute
822 2494 912 2524 pour
933 2482 1119 2523 guerpivit.
1142 2499 1179 2504 -
1205 2480 1232 2520 i)
1256 2479 1330 2508 Mox
1356 2488 1484 2506 voan.
1499 2501 1504 2506 .
1520 2500 1526 2506 .

37 2525 226 2556 exercitum
250 2526 436 2566 adgregari
460 2526 552 2554 deest
573 2525 609 2555 C.
633 2543 671 2547 —
691 2524 718 2564 j)
740 2525 819 2554 ilico
842 2525 922 2553 add.
945 2525 981 2554 (j.
1002 2542 1039 2546 —
1063 2524 1095 2562 k)
1115 2527 1147 2551 ct
1168 2526 1302 2562 post...
1330 2523 1409 2548 sunt
1430 2517 1530 2547 amici

35 2567 128 2597 deest
149 2567 186 2598 C.
207 2585 248 2590 -
267 2568 291 2606 l)
307 2568 402 2597 Tun(-
428 2567 609 2597 Jossredus
632 2567 741 2596 filium
771 2577 871 2596 suum
893 2564 1148 2595 commendavit
1174 2564 1207 2592 in
1239 2561 1398 2591 manibus
1433 2558 1530 2588 fratri

40 2619 102 2639 Suo
124 2609 272 2639 Alduino
299 2608 417 2639 comiti
445 2613 588 2649 propter
609 2613 724 2638 castra
746 2608 825 2641 duo,
859 2619 947 2647 quae
974 2611 1053 2637 sunt
1086 2606 1118 2635 in
1157 2602 1372 2633 Sam-ionico,
1403 2600 1533 2629 svilivet

36 2650 246 2682 Archiacum
267 2655 300 2681 et
326 2650 683 2690 Botamvillam,quae
708 2660 844 2690 semper
859 2649 1016 2679 adtiuvnt
1045 2648 1086 2677 ad
1109 2645 1268 2677 comitem
1291 2643 1531 2683 Engolismen—

35 2702 108 2722 sem
122 2692 145 2722 C
156 2694 181 2722 ²2.

82 2825 110 2855 1.
128 2825 178 2857 Cf.
203 2827 291 2856 Gest.
315 2827 403 2866 ΕΗ).
430 2824 549 2865 Engol.
576 2824 639 2853 sub
662 2834 763 2856 anno,

84 2867 114 2898 2.
140 2867 190 2898 Cf.
216 2869 305 2897 Gest.
327 2869 411 2908 Epp.
427 2866 546 2907 L'ngol.
570 2866 633 2896 suh
656 2876 758 2895 anno.

1350 2941 1386 2970 13

1646 815 1712 841 102⁸

1608 1455 1643 1481 14
1655 1455 1733 1482 avril
