1908 3256
676 309 791 333 Lini-ln
827 310 977 334 pumirs
1547 323 1557 342 Α

134 400 147 407 ,-

127 411 163 435 ῡ.
194 421 244 424 -
266 397 428 435 Mortuo
457 398 605 449 quippe
635 398 889 436 Faramundo
913 414 1022 451 rege.
1049 402 1302 443 Clodionem,
1328 404 1447 443 lilium
1478 407 1562 457 ejus

75 463 279 504 crinitum,
315 464 354 500 in
384 478 510 516 regno
547 465 606 501 ¹<ui
635 465 762 515 patris
791 465 1037 503 levaverunt.
1078 467 1118 504 ld
1154 470 1374 519 tonilum-iss
1395 473 1562 509 erinium

77 542 195 579 reges
219 528 368 566 habere
398 539 607 580 ceperunt,
632 531 923 581 venientesque
953 533 1152 582 sagas-iter
1179 534 1217 570 in
1246 535 1386 571 linibus·
1423 536 1562 574 Toriu-

75 607 217 645 gorum
235 602 267 638 g,
287 595 341 631 ibi
368 596 622 632 resederunt.
644 595 846 633 Habitavit
871 596 1002 647 itaque
1027 598 1169 635 Clodio
1195 613 1262 635 rex
1291 600 1329 636 in
1368 601 1562 639 Disbarro

76 659 258 704 castello,
277 659 318 696 in
339 660 487 697 finibus
512 660 800 712 Toringorum.
826 662 865 698 iu
890 663 1096 713 regionem
1132 664 1344 701 Germanie
1362 664 1390 702 ¹¹.
1431 667 1471 704 111
1495 668 1562 704 illo

73 733 273 776 tempore,
296 725 334 762 in
351 725 413 762 his
435 726 637 776 partibus,
663 735 775 776 cytra
799 726 980 764 Hrenum
998 727 1003 749 ¹
1022 742 1149 779 usque
1173 729 1358 779 Ligerem
1375 730 1383 758 j
1402 731 1561 770 fluvium

73 790 305 828 habitabant
327 791 520 837 Romani;
550 792 655 829 ultra
677 792 863 843 Ligerem
888 807 1048 844 quoque
1075 795 1082 815 ¹
1108 795 1430 833 dominabantur.
1463 797 1561 835 Bur-

73 856 302 908 gundiones
327 856 460 907 itaque
487 858 755 908 paganissimi
778 857 817 894 in
841 859 997 895 arriana
1026 860 1208 896 doctrina
1231 874 1352 910 prava
1375 864 1560 899 teneban-

73 930 152 966 tur,
170 921 440 959 inhabitantes
457 921 571 974 juxta
594 922 829 960 Hrodanum
846 923 860 944 ¹³
883 924 1060 965 fluvium,
1087 925 1153 975 qui
1182 924 1335 975 adjacet
1365 926 1560 977 Lugduno

74 987 238 1024 civitati.
264 987 409 1025 Clodio
426 988 559 1038 itaque
576 1002 645 1025 rex
662 989 770 1025 misit
793 989 1070 1040 exploratores
1089 991 1136 1026 de
1162 990 1377 1031 Disbarco.
1396 994 1559 1030 castello

72 1053 360 1103 Toringorum‚
412 1067 540 1104 usque
589 1055 638 1090 ad
680 1056 821 1091 urbem
857 1054 1130 1092 Camaracum.
1172 1056 1262 1106 Ipse
1296 1066 1437 1107 postea
1471 1072 1557 1095 cum

74 1119 218 1172 grandi
246 1121 424 1158 exercitu
466 1121 649 1159 Hrenum
683 1121 859 1162 transiit,
889 1122 1036 1159 multos
1071 1121 1345 1159 Romanorum
1384 1124 1557 1174 populos

71 1185 217 1224 occidit
231 1195 350 1238 atque
368 1187 532 1237 fugavit.
554 1187 842 1224 Carbonariam
860 1187 1000 1224 silvam
1018 1187 1245 1238 ingressus,
1259 1188 1555 1225 Tornaeensem

71 1252 212 1288 urbem
235 1252 412 1303 optinuit
433 1252 456 1288 ¹.
477 1251 634 1290 Exinde
657 1266 786 1303 usque
813 1254 862 1289 ad
879 1252 1140 1289 Cameraeum
1158 1253 1356 1291 civitatem
1372 1254 1553 1295 veniens,

66 1316 147 1354 illic
178 1317 331 1354 resedit
365 1331 493 1368 pauco
521 1318 718 1369 temporis
747 1319 899 1369 spati03
937 1318 1143 1355 Romanos
1173 1332 1275 1368 quos
1310 1319 1365 1355 ibi
1405 1318 1556 1357 invenit

63 1381 264 1419 interficit.
285 1382 441 1420 Exinde
457 1396 586 1434 usque
602 1384 650 1420 ad
667 1383 844 1421 Sonnam
861 1383 1024 1421 fluvium
1046 1383 1256 1434 occupavit
1271 1383 1417 1421 omnia.

116 1448 312 1486 Clodione
347 1462 443 1499 rege
483 1449 686 1493 defuneto,
723 1449 954 1493 Meroveus,
992 1450 1039 1486 de
1073 1463 1222 1499 genere
1257 1447 1358 1499 ejus,
1400 1450 1554 1501 accepit

61 1527 244 1565 regnum.
277 1514 480 1565 Regnavit
507 1515 651 1552 Clodio
679 1515 795 1552 annis
824 1515 983 1566 viginti.
1021 1514 1083 1551 Ab
1114 1515 1204 1565 ipso
1233 1515 1424 1552 Meroveo
1456 1529 1550 1566 rege

59 1579 160 1623 utili,
190 1593 309 1631 reges
346 1580 594 1618 Francorum
637 1580 866 1631 Merovingi
903 1588 997 1617 sunt
1025 1580 1228 1631 appellati.
1270 1580 1329 1617 Eo
1369 1588 1550 1632 tempore

57 1644 165 1682 Huni
210 1645 393 1682 Hrenum
427 1646 692 1689 transierunt,
730 1646 850 1683 Metis
897 1646 1211 1690 succenderunt,
1244 1645 1433 1683 Treveris
1462 1647 1549 1684 des-

56 1718 207 1755 truunt,
234 1710 463 1748 Tuncrusffl
484 1713 726 1762 pervadunt,
754 1725 882 1762 usque
911 1710 1145 1748 Aurelianis
1179 1711 1479 1762 pervenientes.
1507 1711 1549 1749 Id

57 1776 255 1827 temporis
285 1785 448 1814 sanctus
476 1777 659 1814 Anianus
688 1777 908 1828 episcopus
938 1776 1158 1813 virtutibus
1182 1776 1358 1827 fulgebat
1397 1777 1549 1827 precla-

59 1855 144 1886 rus,
163 1850 201 1879 et
215 1842 402 1880 veniente
421 1843 469 1880 ad
485 1856 574 1880 eum
592 1842 757 1894 Egidio,
776 1842 948 1893 patricio
964 1842 1256 1885 Romanorum,
1270 1851 1307 1879 et
1330 1842 1546 1883 Tursonio.

59 1920 155 1958 rege
171 1906 412 1953 Gothorum,
438 1908 653 1945 auxiliante
676 1908 868 1953 Domino,
894 1908 1003 1945 Huni
1031 1909 1078 1944 al)
1107 1907 1195 1958 ipsa
1218 1907 1392 1952 civitate,
1411 1915 1548 1945 orante

60 1981 199 2010 sancto
221 1972 395 2018 Aniano,
414 1987 502 2011 cum
524 1973 728 2016 Attelano,
753 1988 848 2025 rege
865 1987 1019 2017 eorum,
1047 1973 1193 2010 devicti
1215 1981 1333 2023 atque
1355 1973 1549 2023 prostrati

60 2043 197 2076 suntn.
230 2038 320 2089 Ipse
344 2039 474 2089 itaque
504 2039 720 2077 Meroveus
749 2039 887 2090 genuit
922 2039 1043 2075 filium
1067 2039 1229 2075 nomine
1258 2038 1546 2077 Childericum.

59 2103 127 2153 qui
152 2103 224 2141 suit
239 2113 354 2155 pater
371 2104 582 2147 Clodovei.
614 2105 724 2156 regis
754 2104 880 2141 incliti
908 2112 1026 2155 atque
1049 2103 1275 2141 fortissimi.
1302 2103 1427 2140 Erant
1444 2103 1546 2140 enim

58 2176 151 2206 tunc
175 2168 320 2206 Franci
349 2170 496 2221 pagani
518 2178 637 2221 atque
661 2170 834 2215 sanativi,
859 2170 1074 2206 adorantes
1098 2169 1203 2206 idola
1225 2177 1263 2206 et
1291 2167 1544 2210 simulachra,

101 2311 124 2350 f)
140 2311 203 2342 Per
229 2311 263 2341 id
285 2315 421 2352 tempus
444 2312 480 2342 E.
503 2331 543 2335 -—-
564 2312 598 2353 g)
632 2312 888 2351 Thoringmum
905 2313 940 2343 F
958 2312 996 2342 G.
1013 2331 1053 2334 -
1080 2311 1134 2345 h*
1158 2312 1339 2351 Propterea
1363 2311 1389 2341 G
1394 2310 1545 2340 (11-1111111111

59 2362 176 2382 omnes
204 2353 363 2394 regiones
386 2353 541 2395 gentium
568 2365 632 2394 que
654 2355 746 2384 ultra
768 2355 897 2384 Renum
919 2354 1043 2383 ssumen
1067 2348 1146 2383 sunt
1167 2353 1229 2382 ho(
1259 2352 1393 2382 nomine
1415 2363 1502 2381 111111(-
1508 2362 1547 2380 11-

59 2398 186 2434 pantur
207 2394 421 2428 GermanieS,
444 2406 482 2425 eo
509 2395 601 2436 quod
640 2395 806 2425 immania
833 2406 979 2434 corpora
1012 2395 1091 2427 1-1111
1124 2395 1358 2433 immanesque
1392 2393 1546 2422 nationes

59 2435 232 2466 sevissmfi
253 2440 286 2466 et
300 2437 462 2466 obdurati
484 2448 687 2477 semperque
718 2436 877 2467 indomiti
895 2436 996 2466 fero(
990 2447 1099 2466 1<S1m1
1121 2446 1267 2476 quorum
1291 2434 1396 2464 fuisse
1412 2438 1546 2463 centuni

60 2486 169 2517 pagos
197 2477 306 2507 tradit
338 2478 514 2549 scxiptulra
543 2479 624 2508 add
660 2479 696 2509 C.
702 2497 742 2501 —
773 2478 796 2520 i)
825 2478 979 2508 Rhenum
1007 2478 1041 2507 1⁴.
1065 2496 1105 2500 -
1136 2477 1162 2517 j)
1197 2476 1346 2517 Iigerim
1369 2476 1404 2508 E
1440 2476 1473 2505 Γ.
1507 2493 1548 2497 -

61 2517 94 2558 k)
121 2518 326 2549 Rhodanum
352 2520 387 2549 F
410 2519 659 2550 -101)11111111;
680 2521 714 2550 F
731 2539 771 2542 —
787 2510 838 2561 m)
861 2519 1010 2559 Tungris
1026 2519 1061 2548 F.
1084 2528 1152 2548 -n
1157 2518 1245 2559 *')(e
1262 2528 1385 2559 passm,
1382 2528 1409 2547 e
1429 2516 1545 2556 depms

59 2558 106 2589 Eo
121 2563 276 2601 tempore
297 2571 442 2602 marique
488 2571 548 2590 ans
564 2561 600 2591 C

102 2761 342 2793 1.11sautici
363 2763 394 2793 le
415 2767 486 2793 mot
509 2763 618 2797 Gothi,
642 2763 699 2804 qui
721 2768 772 2793 est
792 2763 880 2793 dans
895 2763 944 2793 les
965 2763 1051 2793 bons
1070 2773 1119 2792 ms
1147 2761 1234 2792 ‚des
1253 2763 1363 2793 Gesta,
1379 2763 1411 2789 et
1431 2769 1495 2799 que
1518 2758 1541 2788 B

59 2813 79 2833 a
98 2802 263 2835 intercale
278 2804 386 2835 aussi.
410 2805 460 2846 (V.
484 2805 648 2845 Presace).
