1908 3256
665 325 780 349 ruffin
814 326 966 350 luemus
1515 320 1562 355 35

70 430 246 468 quoque,
260 415 510 453 derelictusa
527 414 628 459 suis,
642 428 731 451 eum
743 415 883 465 paucis
895 416 1104 462 remansit,
1124 417 1193 453 sed
1213 425 1342 454 tamen
1353 419 1401 455 ad
1415 419 1559 456 bellum

67 489 125 526 ire
147 501 227 525 non
255 486 478 524 dubitabat.
520 485 824 537 Venientesque
860 488 908 524 ad
943 501 1120 539 pugnarn
1168 491 1266 522 octo
1291 482 1469 524 milibus
1509 485 1560 525 al)

68 552 308 613 Egolisma.
332 552 455 608 juxta
489 550 666 592 fluvium
695 552 947 596 Carantam.
978 569 1104 593 secus
1140 553 1291 594 silvam
1323 555 1556 596 Buxamyfi

68 625 375 662 Theodebertus
387 624 569 662 devictus
582 624 860 674 prosternitur
876 633 1140 675 mortuusque
1156 625 1296 662 estibi.
1308 624 1371 662 Ab
1384 625 1560 663 Aunulfo

68 704 230 742 quoque
259 691 360 727 duce
400 690 610 734 collectus,
651 689 903 740 Egolismam
942 690 1143 727 civitatem
1185 699 1371 741 portatus
1413 691 1560 729 ibidem

68 762 252 813 sepultus
275 771 335 799 est
361 755 476 812 apud
507 757 717 797 Sanctum
752 755 1038 811 Eparchium.
1082 755 1343 815 Sigebertus
1384 773 1486 797 vero
1521 767 1557 798 el

68 827 348 884 Chilpericus
364 827 620 887 pugnabant
644 826 760 867 inter
784 842 828 867 se
852 826 896 867 in
925 826 1149 868 Francia&
1165 834 1277 871 Tunc
1302 835 1560 886 Chilpericus

68 913 142 951 per
157 899 403 936 Rodomum³
418 899 578 950 fugiens
596 912 684 935 cum
701 911 825 935 uxore¹
839 912 964 935 suaac
981 899 1090 945 filiis,
1110 899 1311 937 civitatem
1330 901 1559 952 ingressus,

67 965 122 1002 ibi
145 978 188 1001 se
209 964 378 1002 reclusit
401 972 521 1015 atque
544 963 727 1001 munivit.
756 963 996 1015 Sigebertus
1020 978 1118 1002 vero
1143 965 1328 1003 civitates
1351 966 1441 1003 illas
1483 980 1560 1018 qus·

11 1079 15 1081 λ
67 1029 173 1068 ultra
194 1030 380 1067 Parisius
404 1038 498 1067 sunt
522 1029 656 1080 posite
679 1044 808 1080 usque
834 1030 1105 1082 Rotomagum
1134 1032 1303 1083 accepit.
1327 1032 1560 1084 Regressus

67 1096 175 1142 inde,
198 1096 384 1133 Parisius
406 1095 621 1141 introiens,
646 1095 701 1132 ibi
722 1096 833 1134 venit
855 1098 903 1133 ad
939 1111 1028 1133 eum
1053 1097 1332 1135 Brunichildis
1356 1112 1445 1135 cum
1468 1098 1560 1135 filiis-

9 1202 12 1215 ,
67 1162 167 1201 suis.
193 1162 306 1200 Tunc
330 1162 474 1199 Franci
498 1162 566 1213 qui
590 1163 793 1213 quondam
813 1163 862 1199 ad
883 1162 1190 1201 Childebcrtum
1214 1163 1416 1201 seniorem
1440 1178 1560 1215 aspe-

8 1226 9 1230 ’
65 1236 221 1273 xerant‚
246 1229 294 1265 ad
318 1227 579 1279 Sigebertum
601 1227 846 1279 legationem
870 1228 1031 1266 mittunt
1062 1238 1104 1266 ut
1139 1230 1188 1267 ad
1220 1243 1289 1267 eos
1311 1230 1483 1267 veniret.
1509 1229 1555 1266 Et

66 1294 140 1341 illi,
166 1293 404 1345 Chilperico
427 1293 638 1340 derelicto,
664 1294 800 1345 ipsum
823 1308 948 1345 super
978 1308 1020 1331 se
1042 1308 1181 1346 regem
1204 1296 1427 1333 stabiliunt.
1470 1295 1556 1342 Ille,

66 1360 139 1398 hec
162 1360 348 1405 audiens,
373 1359 564 1410 misitque
606 1361 769 1397 fratrem
811 1374 927 1397 suum
949 1360 989 1396 in
1014 1375 1139 1411 supra
1161 1370 1379 1399 memorata
1400 1362 1559 1400 civitate

67 1426 252 1463 Tornaco
274 1434 317 1463 ut
335 1424 446 1462 eamb
487 1426 697 1463 obsideret
712 1431 739 1473 ς,
785 1435 822 1463 et
862 1426 943 1471 ille,
969 1440 1057 1463 cum
1099 1427 1278 1465 exercitu
1319 1436 1561 1479 sequeretur

67 1505 152 1529 eos.
179 1491 254 1529 Cui
277 1493 420 1528 beatus
446 1491 692 1536 Germanus,
723 1491 1022 1529 Parisiacensis
1053 1493 1290 1544 episcopus,
1314 1494 1415 1531 dixit
1439 1508 1445 1529 :
1475 1510 1491 1529 «
1518 1493 1558 1531 Si

69 1574 86 1593 ι(
120 1557 270 1594 abieris
293 1566 331 1594 et
353 1558 517 1594 fratrem
538 1565 651 1594 tuum
674 1557 905 1595 interficere
927 1558 1124 1605 nolueris,
1148 1559 1280 1597 victor
1310 1560 1460 1597 redies.
1488 1559 1558 1597 Sin

69 1639 86 1657 «
119 1631 250 1661 autem
274 1623 382 1660 aliud
406 1623 667 1674 cogitaveris,
692 1623 897 1660 morieris.
923 1624 988 1660 Sic
1014 1624 1119 1660 enim
1137 1624 1337 1662 Dominus
1354 1639 1429 1676 per
1445 1625 1560 1663 Salo-

69 1705 85 1723 «
121 1702 280 1727 monem
302 1689 355 1726 ait
379 1704 386 1725 z
415 1705 432 1724 α
455 1688 629 1726 Fovearn
653 1703 771 1740 quam
794 1689 907 1726 fratri
928 1690 1176 1741 tuoparasti‚
1203 1690 1350 1728 cadesd
1372 1691 1413 1728 in
1432 1705 1558 1728 eam.»

67 1754 186 1802 Quod
208 1755 275 1792 ille
298 1754 439 1792 audire
460 1754 656 1806 neglexit.
700 1754 898 1792 Veniente
936 1763 1067 1792 autem
1104 1755 1173 1792 illo
1211 1757 1317 1807 apud
1339 1756 1475 1794 villam
1499 1756 1560 1794 cui

65 1833 212 1857 nomen
234 1828 295 1857 est
314 1819 605 1864 Victoriacum,
631 1820 826 1857 collectus
869 1829 931 1857 est
972 1821 1020 1857 ad
1059 1834 1148 1857 eum
1189 1822 1320 1859 omnis
1360 1822 1561 1860 exercitus

64 1885 387 1937 impositumque
407 1899 533 1936 super
552 1886 727 1937 clipeum
750 1899 888 1937 regem
906 1900 1031 1937 super
1057 1900 1100 1923 se
1117 1895 1311 1925 statuunt.
1329 1887 1441 1925 Tunc
1462 1887 1562 1925 Fre-

65 1951 310 2003 degunduse
332 1951 550 1989 inebriavit
592 1952 695 1989 duos
732 1965 884 2003 pueros
923 1951 1223 1998 Taraonenses,
1262 1953 1444 2005 dixitque
1467 1954 1525 1992 eis
1552 1969 1558 1989 ι

68 2033 84 2051 <t
118 2015 267 2054 Audite
289 2016 504 2054 consilium
528 2030 660 2054 meum
683 2026 721 2054 et
750 2017 911 2069 pergite
934 2018 982 2055 ad
1005 2017 1281 2069 Sigebertum⁷
1306 2027 1345 2056 et
1365 2019 1562 2057 simulan-

66 2099 83 2117 «
116 2091 178 2120 tes
199 2083 340 2134 fingite
364 2091 406 2120 ut
429 2097 519 2120 eum
544 2096 682 2135 regem
710 2083 845 2121 levare
867 2083 1050 2121 debeatis
1092 2098 1217 2135 super
1256 2099 1345 2131 vos,
1389 2099 1561 2137 eumque

67 2164 75 2183 (

76 2165 83 2182 Α

119 2148 346 2186 interficite.
385 2148 428 2186 Si
461 2149 676 2186 evaseritis
704 2149 802 2194 vivi,
847 2163 923 2200 ego
957 2149 1125 2187 mirifice
1166 2149 1376 2188 honorabo
1409 2164 1483 2189 vos
1525 2160 1564 2189 et

68 2229 76 2248 (

77 2229 85 2248 Α

118 2213 223 2251 filios
244 2222 421 2251 vestros.
449 2213 492 2251 Si
515 2222 647 2251 autem
670 2214 752 2251 illic
771 2214 995 2265 perieritis,
1035 2229 1111 2267 ego
1132 2228 1208 2266 pro
1227 2216 1345 2254 vobis
1369 2216 1559 2254 elemosi-

67 2294 84 2314 «
119 2293 191 2316 nas
211 2279 357 2317 multas
380 2292 455 2330 per
477 2279 565 2317 loca
583 2288 814 2317 sanctorum
838 2281 933 2317 dare
956 2281 1164 2332 promitto.
1188 2297 1203 2315 >³
1249 2281 1310 2318 Illi
1350 2296 1448 2320 vero
1490 2296 1562 2320 nec

64 2344 191 2391 dubii,
216 2346 302 2383 fero
324 2353 367 2382 ut
389 2353 504 2382 erant
526 2346 663 2391 corde,
688 2347 737 2383 ad
757 2360 845 2383 eum
868 2346 1080 2384 venientes
1117 2361 1205 2385 cum
1247 2347 1363 2385 aliam
1401 2362 1560 2386 causam

105 2450 138 2491 y)
159 2450 256 2480 Buxa
279 2451 315 2487 F,
339 2452 378 2482 G.
395 2470 436 2475 —-
461 2452 491 2493 z)
516 2454 600 2482 Toat
622 2453 651 2482 le
666 2464 817 2495 passage
837 2454 980 2495 compris
1008 2457 1100 2484 entre
1121 2455 1179 2496 qui
1207 2459 1462 2486 commoventes
1478 2458 1509 2485 et
1531 2455 1563 2484 in

64 2491 222 2529 Francia,
245 2495 294 2522 est
314 2493 378 2523 cite
392 2504 462 2534 par
488 2494 598 2523 IVaz't:
620 2505 742 2524 comme
762 2495 913 2537 original
938 2498 982 2537 (p.
1003 2497 1086 2535 113).
1110 2497 1140 2526 It
1159 2496 1214 2536 n'y
1237 2508 1268 2526 (α
1293 2507 1332 2526 en
1353 2496 1483 2526 realite‘.
1502 2508 1565 2536 qm‘

64 2532 115 2563 les
143 2534 303 2564 membres
335 2535 377 2564 de
404 2535 548 2576 phrases
570 2536 670 2566 e'crt'ts
698 2536 743 2566 ici
762 2548 801 2566 en
819 2548 900 2579 gros
928 2541 1120 2567 caracteres
1142 2538 1201 2578 qni
1226 2538 1335 2567 soient
1362 2538 1564 2579 lmpzclables

68 2576 90 2604 ιὶ
108 2575 267 2605 Ααῖέηιαν.
290 2578 334 2606 Le
355 2580 441 2606 reste
468 2579 516 2607 est
535 2577 623 2607 (lans
644 2577 691 2607 les
714 2580 816 2608 Gesta
836 2580 878 2618 (ν.
910 2579 960 2608 ed.
985 2579 1125 2609 Krusclz.
1145 2591 1179 2621 p,
1205 2581 1290 2614 295).
1314 2582 1356 2609 Le
1380 2591 1436 2608 ms.
1464 2582 1489 2608 (’
1510 2579 1563 2609 ηἰι

59 2627 125 2657 pas
141 2627 193 2646 ces
207 2628 375 2660 passages
397 2618 589 2659 originum.
614 2637 655 2641 ——
675 2621 708 2659 a)
724 2620 876 2650 Rodomo
898 2622 936 2656 A,
963 2621 1001 2656 D,
1025 2621 1060 2650 E.
1086 2639 1127 2644 -—
1147 2621 1180 2661 b)
1202 2625 1239 2651 ut
1263 2632 1338 2651 eam
1359 2621 1452 2650 deest
1467 2623 1502 2651 A.
1526 2639 1566 2643 —

64 2659 96 2698 c)
112 2658 312 2689 obsiderent
331 2661 368 2690 A.
391 2678 432 2682 —
446 2661 479 2700 d)
501 2660 632 2690 incides
655 2661 690 2695 F,
716 2661 754 2692 G.
778 2680 819 2685 -
837 2662 867 2702 e)
888 2662 1126 2703 Fredegundis
1143 2663 1178 2697 F,
1202 2663 1240 2693 G.

110 2855 142 2887 1.
170 2855 272 2886 Foret
291 2856 332 2887 de
347 2856 461 2891 Boixe,
479 2858 560 2898 pres
578 2858 614 2888 St
635 2857 960 2889 Amand-de-Boixe
981 2858 1189 2900 (Chat-ente).
