1908 3256
691 323 803 348 {ABER
839 324 990 347 Plenius
1542 318 1588 354 (47

102 413 349 452 sedicionem
385 421 524 449 contra
561 412 694 463 ipsum
736 412 1011 449 Childericum
1050 415 1264 452 concitant.
1315 416 1455 453 nodilo
1504 433 1588 455 cnm

102 479 272 530 reliquis
293 491 417 529 super
438 491 528 514 eum
551 477 743 522 surrexit,
783 477 1000 514 insidiatus
1034 487 1069 515 ct
1109 492 1245 529 regem
1280 481 1480 519 interfecit
1516 497 1591 520 una

103 559 191 583 cum
212 543 355 595 regina
390 541 476 594 ejus
500 551 740 594 pregnante,
769 542 878 593 quod
906 542 984 579 dici
1006 543 1122 580 dolor
1151 552 1224 581 est.
1247 544 1484 584 vulfoaldus
1521 561 1593 598 per

104 612 236 662 sugam
254 610 322 648 vix
344 609 470 647 evasit
493 617 531 646 et
549 609 588 646 in
612 608 786 646 Austros
807 621 997 646 reversus
1018 618 1092 647 est.
1116 609 1294 662 Eratque
1326 612 1365 649 in
1394 613 1467 650 hoc
1497 628 1593 651 con-

104 676 194 714 silio
214 677 355 713 beatus
377 673 1323 727 Leodegarius‚Augustidunensishepiscopus,
1345 686 1381 715 et
1401 678 1591 723 Gerinus,

105 743 227 779 frater
249 739 352 792 erS‚
387 739 706 777 consentientes.
744 739 953 776 Ebroinus
994 741 1169 791 denique
1207 742 1376 792 capillos·
1412 757 1595 782 crescere

104 807 258 852 sinens,
283 806 543 858 congregatis
566 806 605 843 in
625 806 818 843 auxilium
833 805 976 843 sociisi
1000 806 1203 844 hostiliter
1216 822 1235 844 a
1250 808 1431 847 Luxovio
1448 824 1595 849 coeno-

104 873 170 911 hio
197 886 406 925 egressus,
439 872 479 909 in
507 872 719 909 Franciam
752 872 970 909 revertitur
1002 886 1089 909 cum
1126 886 1327 911 armorum
1363 877 1592 927 apparatui.

108 939 169 977 Ad
191 941 354 977 beatum
375 952 473 976 vero
496 937 739 976 Audoenum
762 938 910 975 direxit
932 938 1030 989 quid
1067 939 1102 975 ei
1138 939 1351 977 consilium
1383 942 1508 980 daret.
1547 943 1597 980 At

105 1005 172 1043 ille
197 1018 271 1056 per
293 1005 573 1042 internum-ios
597 1004 671 1041 hoc
695 1004 825 1041 solum
861 1004 1057 1055 scriptum
1093 1004 1192 1042 dixit
1223 1005 1258 1041 ei
1280 1021 1286 1041 z
1316 1023 1331 1041 «
1356 1006 1414 1043 De
1447 1008 1598 1046 Frede-

108 1087 123 1106 (ε
141 1071 278 1123 gunde
303 1070 376 1108 tibi
406 1070 620 1108 subveniat
647 1070 687 1106 in
707 1070 955 1106 memoriam.
984 1085 1000 1103 ))
1022 1069 1074 1106 At
1094 1070 1175 1115 illc,
1198 1071 1435 1122 ingeniosus
1457 1082 1497 1111 nt
1516 1084 1599 1111 erat

105 1136 315 1174 intellexit.
336 1136 401 1181 Et,
414 1137 462 1173 de
475 1144 591 1173 nocte
606 1149 878 1186 consurgens,
897 1144 1095 1172 commoto
1110 1137 1304 1183 exercitu,
1324 1152 1452 1189 usque
1470 1139 1598 1178 lseralx

106 1202 270 1240 fluvium
288 1201 473 1247 veniens,
503 1201 728 1238 interfectis
752 1201 1007 1246 custodibus,
1044 1202 1092 1238 ad
1131 1202 1317 1239 Sanctam
1355 1203 1597 1243 Maxentiam

107 1267 282 1313 transiit,
308 1275 345 1304 et
366 1267 421 1304 ibi
444 1280 547 1318 quos
570 1266 724 1317 reperit
745 1267 794 1303 de
817 1266 1126 1303 insidiatoribus
1148 1267 1233 1304 suis
1253 1269 1414 1306 occidit.
1443 1270 1600 1308 heude-

105 1333 193 1371 sius
212 1347 290 1370 una
324 1347 413 1370 cum
435 1332 689 1370 Theoderico
708 1346 804 1383 rege
824 1340 861 1369 et
884 1332 1007 1369 sociis
1027 1333 1339 1383 quamplurimis
1360 1349 1432 1386 per
1469 1337 1600 1388 fugam

107 1399 235 1436 evasit
256 1407 293 1436 et
317 1398 524 1436 Ebroinus
544 1411 613 1435 eos
632 1406 891 1449 pe1·5ecutus‚
918 1397 1068 1435 Baeivo
1087 1398 1183 1435 villa
1200 1399 1310 1436 venit
1329 1409 1367 1437 et
1388 1401 1601 1439 thesauros

107 1464 264 1515 regales
284 1463 569 1515 apprehendit.
592 1464 693 1501 Post
714 1464 785 1501 hec
810 1463 994 1501 Crisiaco
1017 1463 1201 1509 veilienS‚
1224 1478 1360 1516 regem
1380 1466 1602 1504 Theoderi—

108 1543 197 1567 cum
218 1529 374 1580 recepit
396 1538 434 1566 et
455 1528 700 1566 Leudesium
737 1530 828 1566 data
860 1529 937 1566 fide
970 1529 1044 1565 snb
1067 1528 1161 1565 dolo
1185 1530 1232 1566 ad
1256 1543 1298 1566 se
1329 1530 1468 1568 venire
1492 1546 1602 1569 man-

107 1595 230 1633 davit.
255 1595 344 1643 Quo
385 1596 504 1641 facto,
538 1594 785 1632 Leudesium
808 1594 1011 1631 interfecit
1033 1603 1070 1632 et
1093 1595 1365 1646 principatum
1403 1598 1604 1647 sagaciter

108 1660 274 1712 recepit,
288 1669 554 1711 sanctumque
571 1660 866 1712 Leodegarinm
880 1660 1119 1711 episcopum
1141 1661 1317 1698 diversis
1330 1662 1447 1712 penis
1468 1664 1603 1714 damp-

110 1734 243 1763 natum
266 1726 402 1777 gladio
434 1726 555 1763 ferire
584 1724 725 1777 jussit,
758 1725 1037 1776 Gerinumque
1076 1716 1239 1763 fratrem
1281 1725 1367 1778 ejus
1409 1728 1497 1765 dira
1531 1743 1604 1780 pe-

110 1805 158 1829 na
178 1792 426 1843 dampnavit.
448 1792 724 1843 Reliqnivero
745 1791 890 1828 Franci
911 1792 1009 1829 socii
1024 1805 1163 1829 eornm
1183 1806 1257 1843 per
1274 1794 1406 1844 fugam
1425 1794 1492 1831 vix
1511 1808 1605 1832 eva-

109 1866 263 1904 serunt,
288 1857 473 1895 nonnulli
494 1871 592 1895 vero
630 1858 670 1895 in
690 1857 853 1895 exilium
875 1858 1101 1909 pervagati,
1142 1859 1323 1909 propriis
1348 1860 1603 1898 facultatibus

110 1923 256 1974 privati
276 1932 384 1961 sunt.

165 1991 225 2028 45.
259 2012 310 2017 —-
342 1989 401 2027 Eo
423 1998 622 2041 tempore,
646 1991 868 2027 decedente
891 1989 1118 2027 Vuolfoado
1138 1990 1186 2027 de
1209 1989 1377 2037 Austro,
1402 1991 1602 2029 Martmus

111 2063 149 2092 et
170 2054 342 2106 Pipinus
358 2053 514 2106 junior,
534 2055 641 2093 filius
663 2055 912 2106 Andegisili‚
953 2056 1245 2093 decedentibus
1264 2057 1448 2108 regibuS,
1473 2057 1604 2095 domi-

111 2122 310 2158 nabantur
331 2121 371 2158 in
392 2120 575 2167 Austria‚
597 2122 726 2159 donec
763 2122 925 2158 tandem
949 2121 1168 2173 aliquando
1202 2121 1239 2158 hi
1263 2123 1389 2159 duces
1408 2122 1447 2159 in
1468 2123 1604 2160 odium

110 2186 220 2224 versi
241 2195 382 2224 contra
403 2186 644 2233 Ebroinnm,
661 2187 840 2224 exercitu
861 2187 1038 2238 plurimo
1060 2186 1367 2225 Austrasiorum
1390 2197 1603 2233 commoto,

113 2261 253 2291 contra
274 2252 571 2290 Theodericum
593 2266 731 2304 regem
753 2261 792 2290 et
822 2252 1049 2291 Ebroinum
1084 2253 1209 2290 aciem
1232 2253 1427 2305 dirigunt.
1455 2254 1606 2292 Contra

114 2332 218 2369 quos
259 2318 538 2356 Theodericus
575 2326 613 2355 et
649 2317 856 2355 Ebroinus
892 2332 980 2356 cum
1003 2318 1119 2356 hoste
1141 2328 1409 2357 occurrerunt
1444 2320 1484 2357 in
1519 2320 1606 2357 loco

113 2383 390 2435 nuncupante¹
414 2383 608 2429 Lat-osam,
633 2382 702 2434 qui
725 2382 844 2420 Simul
867 2382 1075 2435 cunjuncti
1097 2398 1187 2421 sese
1209 2384 1380 2422 invicem
1404 2385 1499 2422 cede
1522 2399 1606 2422 ma-

114 2462 193 2500 gna
209 2457 492 2501 prosternunt.
519 2448 767 2499 Corruitque
790 2448 844 2485 ibi
868 2449 1023 2486 infinita
1056 2451 1174 2487 turba
1211 2450 1369 2501 populi.
1403 2449 1604 2488 Austrasii

115 2523 247 2552 autem
269 2515 432 2561 devicti,
457 2515 497 2552 in
520 2516 655 2566 fugam
677 2514 796 2565 lapsi,
818 2522 933 2566 terga
962 2524 1186 2560 verterunt,
1224 2523 1261 2552 et
1284 2515 1490 2553 Ebroinns
1510 2517 1605 2553 cede

115 2594 261 2633 inagna
282 2580 492 2618 insecutus
516 2589 577 2617 est
599 2594 684 2626 eoS‚
706 2581 962 2632 vastavitque
998 2581 1209 2618 maximam
1231 2589 1385 2632 partem
1409 2581 1517 2618 illins
1540 2595 1606 2618 re-

116 2647 266 2699 gionis.
287 2647 490 2686 Martinus
511 2648 737 2699 perfugam
753 2647 934 2699 elapsus,
954 2647 1198 2698 Lugdunum
1216 2647 1423 2684 Clavatnm
1444 2647 1606 2697 ingres-

158 2790 195 2831 h)
229 2790 559 2833 Augustudunensis
589 2790 625 2826 F,
661 2791 700 2822 G.
738 2809 776 2813 —
796 2791 820 2831 i)
855 2790 982 2821 auxilio
1031 2790 1180 2820 consciis
1204 2791 1239 2820 Ε.
1272 2807 1306 2812 -
1325 2789 1352 2830 j)
1373 2789 1555 2830 apparatis
1582 2791 1605 2819 Α

120 2833 157 2868 D,
181 2834 216 2864 E.
242 2853 274 2857 —
299 2834 332 2874 k)
354 2833 486 2867 Visera,
511 2832 546 2867 F,
570 2832 608 2864 G.
632 2832 709 2871 -—l)
730 2836 929 2873 nuncupato
952 2832 988 2863 F.
