1908 3256
126 700 192 730 1017

126 1421 193 1450 1018

316 303 390 340 178
830 316 1016 342 Anmmm
1047 316 1292 342 CHRONICON

311 404 566 462 pertraxit¹.
592 405 816 448 Richardo
848 423 951 449 vero
979 407 1140 449 comite
1169 407 1422 468 Rotomagi,
1456 407 1548 450 filio
1581 409 1811 463 Richardi,

310 479 587 519 Normannos
618 480 912 538 gubernante,
940 479 1177 521 multitudo
1196 496 1348 521 eorum
1371 496 1469 521 eum
1487 480 1598 522 duce
1621 482 1814 524 Rodulso

312 550 468 591 armati
491 551 693 601 Romam,
719 560 761 592 et
784 551 887 592 inde
911 551 1143 592 conivente
1169 567 1281 608 papa
1311 551 1556 593 Benedicto
1574 551 1814 609 Appuliam

313 622 531 682 aggressi,
558 632 715 664 cuneta
743 623 987 665 devastant.
1015 624 1180 664 Contia
1203 640 1313 680 quos
1349 623 1593 665 exercitum
1623 624 1814 667 Basilius

314 693 520 747 intendit,
545 703 587 737 ct
603 695 920 755 concrressione
944 695 1012 736 bis
1029 704 1071 737 et
1091 704 1159 736 ter
1182 695 1339 747 saetam,
1364 695 1556 737 victores
1572 696 1815 738 'Normanni

313 766 523 808 existunt.
563 768 730 820 Quarto
766 784 1010 828 congressu
1045 784 1143 808 eum
1179 777 1311 828 gente
1347 769 1593 810 Russorum
1629 768 1735 810 victi
1772 778 1815 811 et

311 838 524 894 prostrati
562 848 663 881 sunt
703 849 746 881 et
785 840 838 881 ad
873 840 1088 881 nichilum
1113 839 1298 891 redacti,
1349 849 1392 882 et
1428 840 1652 882 innumeri
1693 840 1814 882 ducti

312 910 764 969 Constantinopolim,
796 928 936 969 usque
960 911 1014 953 ad
1043 912 1208 953 exitum
1232 912 1345 953 vitae
1377 912 1421 953 in
1454 912 1709 954 carceribus
1737 913 1814 955 tri-

311 981 450 1023 bulati
474 991 588 1024 sunt.
622 982 749 1024 Unde
788 982 922 1024 exivit
959 983 1276 1039 proverbium:
1305 985 1475 1025 Grecus
1510 1000 1609 1025 cum
1632 1000 1813 1026 carruca

310 1053 509 1110 leporem
538 1054 672 1112 capit.
699 1055 821 1096 Tunc
845 1071 923 1112 per
945 1055 1189 1096 triennium
1212 1055 1455 1096 interclusa
1478 1064 1544 1096 est
1565 1055 1634 1097 via
1662 1056 1814 1097 Hiero·

312 1125 517 1177 solimae;
536 1143 635 1168 nam
660 1136 844 1184 propter
867 1126 976 1168 iram
999 1129 1373 1178 Normannorum,
1406 1127 1674 1185 quicumque
1691 1128 1814 1170 inve-

310 1197 515 1239 nirentur
538 1198 785 1259 peregrini,
817 1215 838 1240 a
863 1198 1020 1240 Grecis
1054 1198 1180 1259 ligati
1213 1199 1650 1256 Constantinopolim
1684 1199 1814 1242 duce-

310 1268 485 1321 bantur,
518 1279 560 1311 et
593 1270 657 1311 ibi
685 1270 900 1311 carcerati
929 1269 1258 1331 affligebantur.
1285 1272 1394 1312 Item
1416 1270 1676 1322 Normanni,
1702 1271 1813 1313 duce

308 1340 541 1401 Rotgerio,
577 1342 630 1383 ad
653 1341 923 1383 occidendos
947 1358 1144 1403 paganos
1176 1342 1435 1399 Hispaniam
1467 1342 1705 1399 profecti1,
1749 1343 1812 1384 in-

308 1428 517 1454 numeros
543 1414 892 1455 Sarracenorum
925 1413 1203 1465 deleverunt,
1231 1423 1273 1455 et
1300 1413 1501 1455 civitates
1529 1414 1597 1455 vel
1632 1414 1812 1456 castella

306 1485 360 1525 ab
392 1484 455 1526 eis
487 1485 712 1527 abstulere
743 1486 895 1527 multa.
924 1485 1077 1527 Primo
1095 1502 1200 1528 vero
1229 1486 1420 1527 adventu
1449 1502 1527 1527 suo
1550 1485 1808 1546 RotgeriUS,

307 1557 568 1598 Sarracenis
597 1557 755 1614 captis,
780 1574 1143 1616 unumquemque
1168 1575 1321 1600 eorum
1353 1574 1432 1615 per
1467 1557 1562 1599 dies
1591 1558 1807 1618 singulos,

302 1628 559 1671 videntibus
583 1630 762 1682 ceteriS,
783 1631 909 1688 quasi
939 1648 1123 1688 porcum
1144 1648 1223 1689 per
1252 1631 1389 1672 frusta
1413 1630 1632 1691 dividens,
1659 1631 1703 1671 in
1727 1631 1810 1673 eal-

302 1699 438 1742 dariis
462 1711 634 1743 coctum
653 1702 715 1743 eis
739 1705 992 1760 apponebat
1010 1719 1090 1760 pro
1108 1703 1268 1761 epulis,
1296 1703 1399 1744 etin
1422 1701 1507 1744 alia
1523 1702 1654 1743 domo
1678 1702 1809 1744 simu-

300 1771 418 1814 labat
455 1790 499 1814 se
541 1775 775 1817 comedere
812 1792 911 1817 cum
948 1775 1038 1816 suis
1080 1775 1253 1832 reliqua
1288 1774 1541 1816 medietatis
1590 1775 1804 1815 membra.

298 1844 539 1902 Postquam
564 1846 623 1887 ita
654 1863 808 1888 omnes
839 1847 1154 1904 percurrisset,
1189 1846 1479 1888 novissimum
1520 1846 1573 1887 de
1606 1845 1808 1887 custodia

298 1916 424 1972 quasi
453 1917 698 1977 neglegens
727 1918 1016 1975 permittebat
1049 1918 1194 1978 fugae,
1227 1918 1302 1975 qui
1337 1919 1445 1960 haec
1481 1927 1678 1959 monstra
1709 1919 1807 1959 Sar-

298 1987 470 2028 racenis
493 1989 727 2030 nunciaret
742 2001 773 2029 ¹¹.
808 1991 902 2042 Qua
925 1989 978 2031 de
1002 2006 1132 2031 causa
1165 1989 1326 2031 timore
1350 1989 1605 2040 exanimati,
1634 1989 1805 2030 vicinae

298 2059 535 2117 Hispaniae
562 2061 797 2102 Sarraceni
819 2078 917 2102 cum
938 2078 1043 2122 rege
1068 2078 1145 2103 suo
1159 2062 1335 2103 Museto
1358 2077 1512 2119 pacem
1534 2078 1556 2103 a
1579 2060 1804 2102 comitissa

298 2132 616 2174 Barzclonensi
638 2133 969 2175 Ermensende2
996 2143 1169 2190 petunt,
1194 2142 1235 2175 et
1251 2150 1444 2175 annuum
1466 2133 1684 2175 tributum
1707 2149 1804 2190 per-

301 2204 470 2245 solvere
503 2205 741 2262 spondent.
779 2206 886 2247 Erat
914 2205 1032 2247 enim
1056 2206 1163 2247 haee
1191 2205 1337 2257 vidua,
1365 2215 1407 2247 et
1433 2205 1649 2266 Rotgerio
1679 2221 1800 2246 suam

341 2349 366 2389 l)
389 2349 490 2380 Pater
521 2348 595 2389 ejus
629 2359 804 2389 paganus,
833 2348 972 2378 nomine
1005 2349 1150 2389 AsqueC‚
1181 2350 1294 2380 solum
1327 2361 1475 2389 regnum
1501 2350 1543 2379 de
1576 2350 1796 2380 Danamarca

299 2391 514 2463 tzeplpitcadd.
537 2391 577 2422 G.
596 2408 636 2414 —
658 2394 702 2430 ιιι)
732 2390 813 2421 sacti
834 2392 873 2423 Α.
904 2409 942 2413 -
963 2391 998 2429 n)
1030 2392 1081 2421 Ita
1120 2391 1277 2422 fabulam
1306 2392 1432 2422 Tiestis
1457 2402 1576 2424 veram
1603 2391 1800 2432 adimplens

363 2645 609 2679 .Cf.Ba1uze
625 2646 746 2674 Μαι-σα
768 2643 967 2685 Hispanica
987 2655 1023 2685 p.
1045 2645 1117 2676 429.

339 2689 369 2719 2.
395 2687 632 2721 Ermessinde,
651 2696 758 2717 xweuxe
778 2686 820 2715 de
844 2686 917 2726 Ray
921 2687 1025 2716 mond
1050 2687 1182 2723 Borrel,
1209 2691 1320 2718 comte
1347 2687 1388 2718 de
1415 2688 1617 2736 Barcelfme,
1639 2686 1725 2718 etait
1744 2691 1801 2718 tu-

297 2729 381 2760 trice
407 2730 447 2760 de
463 2740 525 2759 son
541 2729 595 2758 fils
617 2729 806 2768 Berenger-
809 2697 989 2776 Raynyiond
1014 2728 1044 2758 le
1066 2729 1211 2760 C‘oulbe.
1235 2730 1308 2759 Elle
1340 2740 1383 2760 av
1387 2729 1436 2760 ait
1461 2729 1570 2760 marie
1591 2741 1657 2760 une
1679 2730 1720 2760 de
1744 2740 1800 2759 ses

297 2772 387 2802 filles
412 2771 497 2801 dont
514 2782 556 2800 on
571 2781 693 2810 ignore
717 2770 748 2800 le
768 2780 860 2803 nom
884 2781 903 2799 a
924 2781 961 2800 ce
982 2770 1107 2810 Roger,
1132 2771 1252 2811 prince
1285 2772 1468 2809 noi-,mand
1506 2783 1551 2812 qu
1555 2772 1629 2802 elle
1672 2771 1799 2812 appela

297 2815 317 2843 a
339 2824 400 2843 son
423 2823 562 2844 secours
588 2816 706 2842 contre
730 2812 780 2842 les
807 2811 990 2842 Sarrasins
1009 2813 1130 2853 (101⁸).
