1908 3256
631 366 748 391 mmm
781 367 990 392 SECUNDUS
1484 359 1544 391 1()1

63 458 113 495 ad
136 456 303 508 propria
331 455 604 507 regreditur‘l.
640 456 689 493 Et
711 456 924 501 Rotrudis,
942 456 1023 493 filia
1046 457 1320 507 imperatoris,
1346 470 1422 507 que
1459 465 1549 494 natu

66 521 194 574 major
212 530 312 567 erat,
347 521 460 559 obiit.
500 520 726 572 Imperator
752 535 866 568 vero,
887 521 1138 573 Aquisgrani
1175 522 1303 559 adhuc
1343 528 1489 572 agensr
1516 531 1551 558 ct

64 595 206 626 contra
228 585 483 624 Gotesridum
506 599 643 638 regem
667 587 968 638 expeditionem
1003 587 1180 632 mittens,
1214 587 1397 624 nuntium
1438 600 1553 623 acce-

62 653 122 705 pit
140 652 312 691 classem
335 652 598 689 ducentarum
621 652 785 689 navium
807 652 856 689 de
879 652 1145 689 Nortmannia
1179 652 1384 689 FresiamS
1423 665 1553 703 appu-

63 718 179 764 lisse,
202 726 390 768 totasque
413 716 568 754 insulas
593 717 784 755 Fresiaco
807 718 933 755 littori
965 716 1195 768 adjacentes
1237 730 1327 754 esse
1361 725 1552 763 vastatas„

66 792 104 822 et
125 783 221 836 quia
236 781 318 835 jam
344 782 547 820 exercitus
575 782 615 819 in
654 783 840 833 proximo
875 791 960 820 erat
996 791 1034 820 et
1074 783 1169 833 quia
1204 791 1265 820 ter
1299 783 1555 820 commiserat

64 849 238 902 prelium
255 861 344 886 cum
368 847 636 893 Fresonibus,
664 856 703 885 et
724 847 864 886 Dauos
894 849 1072 885 victores
1113 848 1307 885 tributum
1331 847 1388 885 eis
1423 848 1554 898 impo-

64 915 213 960 suisse,
238 921 277 951 et
298 926 419 951 causa
436 913 577 951 tributi
598 922 756 951 centum
789 913 915 951 libras
943 913 1100 964 argenti
1137 926 1158 950 a
1198 912 1449 950 Fresonibus
1474 911 1555 963 jam

67 994 159 1018 esse
182 979 352 1024 solutas,
375 991 513 1030 regem
554 992 651 1016 vero
690 978 945 1016 Gotefridum
985 980 1166 1016 domum¹
1204 991 1294 1015 esse
1331 991 1555 1023 reversum,

66 1046 177 1097 quod
199 1058 242 1083 re
263 1058 361 1083 vera
381 1045 434 1083 ita
457 1053 555 1082 erat.
594 1044 835 1096 Imperator,
861 1045 974 1082 valde
1014 1044 1255 1088 concitatus,
1295 1043 1558 1094 congregavit

67 1111 287 1149 exercitum
310 1112 358 1149 de
380 1111 569 1149 omnibus
592 1110 832 1162 regionibus
854 1110 1015 1161 imperii
1036 1109 1113 1155 sui,
1135 1118 1172 1146 et
1193 1109 1297 1160 ipse,
1323 1109 1409 1145 sine
1427 1121 1554 1152 mora,

64 1190 85 1214 a
105 1176 255 1228 palatio
277 1176 388 1223 exiit,
411 1176 555 1214 volens
576 1176 767 1227 primitus
802 1175 925 1213 classi
965 1188 1197 1220 occurrere,
1239 1174 1384 1211 deinde
1421 1182 1555 1211 trans-

65 1242 192 1280 misso
221 1241 361 1279 Hreno
391 1242 432 1279 in
454 1241 543 1279 loco
565 1241 634 1293 qui
656 1241 805 1279 dicitur
821 1240 1008 1292 Lippias,
1034 1240 1191 1291 copiam
1226 1240 1451 1277 exercitus¹¹
1487 1252 1557 1276 ex-

64 1308 278 1360 pectabat;
298 1307 367 1345 ubi
390 1307 484 1344 dum
507 1306 672 1358 aliquod
695 1306 782 1344 dies
806 1314 1049 1351 moraretur,
1074 1305 1223 1343 elefasv
1247 1304 1328 1349 ille,
1368 1317 1486 1355 quem
1522 1305 1556 1341 ei

65 1387 138 1411 rex
160 1372 482 1410 Sarracenorum
522 1372 705 1418 miserat,
742 1379 869 1409 morte
899 1371 1033 1409 subita
1069 1370 1253 1408 moritur.
1300 1369 1558 1420 Congregato

65 1439 262 1483 exercitu,
289 1438 478 1476 celeriter
501 1439 550 1476 ad
571 1437 735 1475 Alaram
757 1437 923 1475 fluvium
946 1437 1169 1481 contendit,
1195 1444 1232 1473 et
1261 1443 1393 1472 castra
1420 1434 1558 1486 posuit

59 1504 174 1558 juxta
193 1504 361 1542 fluvium
384 1504 566 1555 Corug¹x
584 1504 653 1555 qui
674 1503 845 1541 VVisora
865 1503 989 1540 ssuvio
1012 1501 1287 1553 conjungitur,
1313 1509 1349 1538 et
1376 1499 1554 1537 Gotesri-

65 1572 159 1609 dum
182 1583 321 1622 regem
342 1569 592 1621 prestolatur
613 1570 662 1606 ad
683 1569 849 1607 bellum.
875 1567 978 1606 Nam
1000 1568 1067 1605 ille
1100 1580 1171 1605 rex
1196 1566 1415 1609 Daniscus‚
1440 1564 1554 1602 inssa-

63 1645 127 1675 tus
148 1649 253 1674 vana
271 1649 344 1687 spe
365 1635 553 1682 victorie,
572 1633 751 1686 jactabat
773 1648 816 1672 se
832 1633 1028 1686 congredi
1045 1633 1149 1671 velle
1166 1633 1205 1670 in
1220 1633 1303 1669 acie
1326 1644 1415 1668 cum
1438 1631 1553 1667 ‹lom-

63 1715 146 1754 pno
167 1702 428 1754 imperatore.
453 1700 559 1738 Dum
581 1701 804 1752 imperator
819 1713 894 1752 per
914 1700 1002 1737 dies
1024 1711 1077 1737 xv
1099 1699 1153 1736 ibi
1177 1712 1266 1736 eum
1307 1704 1552 1748 expectaret,

63 1768 233 1806 veniunt
253 1768 303 1805 ad
325 1780 415 1804 eum
436 1767 567 1804 nuntii
591 1767 659 1818 qui
691 1766 882 1804 dixerunt
916 1765 1011 1817 quia
1050 1764 1196 1802 classis
1237 1776 1314 1814 que
1353 1762 1554 1799 Fresones

62 1834 247 1871 vastabat
267 1845 459 1884 regressa
489 1840 550 1870 est
578 1840 616 1870 et
638 1831 876 1870 Gotefridus
898 1844 969 1868 rex
991 1844 1011 1867 a
1033 1844 1107 1868 suo
1131 1829 1302 1867 satellite
1319 1828 1555 1865 interfectus

64 1907 140 1945 est,
162 1907 200 1936 et
221 1898 315 1949 quia
346 1906 523 1935 castrum
549 1896 755 1943 Obvoki5,
778 1896 897 1934 Albie
919 1895 1075 1934 ssumini
1110 1894 1357 1946 adpositum,
1398 1893 1437 1929 in
1478 1905 1556 1942 quo

65 1972 150 2002 erat
171 1963 261 2002 Odo
284 1963 442 2015 legatus
460 1962 722 2014 imperatoris
745 1971 783 2000 et
798 1961 1018 2000 orientales
1042 1960 1240 2005 Saxones,
1264 1967 1406 2009 captus
1444 1965 1504 1994 est
1538 1970 1557 1992 a

64 2028 239 2074 Welzis‚
264 2036 302 2066 et
323 2028 418 2079 quia
438 2027 612 2079 Pipinus
646 2041 718 2065 rex
739 2027 845 2065 filius
874 2025 960 2078 ejus
983 2025 1153 2063 obierat.
1179 2025 1268 2061 Due
1292 2036 1453 2074 quoque
1482 2021 1556 2058 alie

65 2093 290 2146 legationes
310 2102 512 2131 venerunt
527 2093 577 2139 ei,
596 2106 675 2130 una
696 2093 744 2130 de
763 2091 1138 2142 Constantinopoli,
1151 2089 1276 2126 altera
1289 2090 1336 2125 de
1349 2087 1552 2131 Corduba,

65 2172 206 2211 pacem
228 2160 359 2196 facere
383 2172 471 2196 cum
494 2172 556 2196 eo.
581 2158 740 2206 Quibus
758 2158 825 2195 ille
841 2157 1035 2208 acceptis,
1062 2164 1099 2193 et
1121 2154 1325 2205 disposita
1365 2151 1552 2193 Saxonia,

65 2237 258 2262 reversus
281 2232 343 2262 est
358 2224 399 2261 in
423 2223 642 2261 Frantiam.
667 2223 876 2274 Tantaque
899 2222 971 2259 fuit
993 2222 1032 2259 in
1055 2227 1125 2258 ea⁷¹
1147 2218 1406 2270 expeditione
1436 2218 1553 2252 boum

65 2289 300 2341 pestilentia
321 2297 363 2327 ut
378 2302 482 2340 pene
500 2289 632 2326 omnis
661 2289 863 2326 exercitus
898 2287 1098 2331 interiret,
1135 2293 1172 2322 et
1211 2298 1290 2321 non
1332 2282 1459 2319 solum
1483 2281 1552 2325 ibi,

67 2356 140 2392 sed
173 2355 291 2393 etiam
314 2368 390 2406 per
411 2368 551 2391 omnes
575 2354 812 2405 imperatori
835 2351 1038 2404 subjectas
1061 2350 1293 2403 provincias
1310 2349 1431 2385 boum
1449 2358 1556 2382 mor-

68 2421 202 2459 talitas
224 2420 342 2458 valde
359 2428 544 2472 grassata
566 2428 641 2457 est.
668 2420 908 2471 Imperator,
931 2416 1062 2469 Aquis
1078 2416 1264 2459 veniens,
1286 2426 1421 2450 mense
1443 2420 1555 2448 orto-

70 2486 176 2532 brio,
196 2494 438 2523 memoratas
455 2485 680 2536 legationes
703 2484 870 2530 audivit,
894 2493 932 2522 et
952 2496 1092 2534 pacem
1116 2481 1208 2518 fecit
1223 2493 1311 2516 curn
1334 2478 1526 2515 Nikcsoro
1544 2482 1554 2495 ³·

113 2602 147 2642 q)
168 2602 354 2633 revertitur
375 2602 412 2634 F.
441 2602 481 2633 G.
505 2620 543 2624 —-
567 2602 596 2641 r)
612 2601 740 2639 degens
764 2602 800 2632 E.
825 2601 861 2634 F,
884 2601 924 2632 G.
944 2618 981 2622 —-
1003 2600 1033 2639 s)
1058 2598 1210 2630 [Nasium
1226 2596 1318 2639 dees!
1338 2595 1375 2625 D.
1396 2594 1428 2626 Ε,
1448 2592 1488 2640 ,κῖ
1512 2593 1550 2621 (ἶ.

72 2644 97 2683 t)
120 2644 154 2673 in
175 2644 318 2674 domum
339 2643 376 2677 [ε’.
399 2644 438 2675 G
462 2661 501 2666 -,
522 2643 757 2682 u)0x(›1*ci1um
780 2644 817 2676 Α,
841 2643 879 2675 Ι)ν
904 2643 938 2672 E
963 2659 1001 2665 --
1021 2642 1054 2679 Υ)
1074 2641 1204 2669 01013118
1234 2638 1268 2669 F.
1291 2638 1330 2667 CI.
1361 2654 1399 2657 —
1425 2641 1456 2673 X)
1478 2645 1555 2680 ‘'UH'

67 2685 224 2716 tendit...
248 2685 470 2726 Corugdeest
490 2685 528 2718 D.
554 2686 589 2720 E,
614 2685 648 2721 Β,
666 2684 707 2716 G.
730 2702 768 2707 —-
789 2692 824 2725 3')
846 2683 989 2715 Obvol‹·i
1013 2683 1048 2717 F,
1072 2683 1111 2713 G.
1129 2699 1167 2703 —-
1188 2684 1215 2718 z)
1239 2690 1314 2709 cuin
1335 2679 1370 2707 A.
1389 2693 1426 2699 —
1448 2685 1479 2715 a)
1501 2676 1553 2704 M·

68 2727 219 2768 cephoro
250 2727 288 2763 F,
315 2727 355 2758 G-

113 2875 146 2907 1.
175 2875 220 2905 Ce
240 2885 324 2905 nom
343 2875 431 2905 n'est
451 2886 515 2916 pas
531 2874 617 2904 dans
639 2874 688 2904 les
709 2873 857 2904 Annales
874 2872 1117 2903 Lanrc'sscnscs.
