1908 3256
270 254 343 289 1:30
780 259 966 285 animam
998 256 1238 283 cnnoxlcmv

265 353 478 404 diripiunt,
504 359 541 389 et
563 364 605 389 se
629 363 717 388 cum
739 349 928 387 omnibus
952 347 1081 398 copiis
1104 347 1189 385 suis
1212 347 1252 384 in
1286 359 1358 384 sua
1390 355 1522 385 castra
1539 347 1758 399 recipiunt.

267 418 424 456 Deinde
447 426 489 455 ut
511 416 630 467 hujus
655 416 746 453 sacti
768 415 962 452 ultionem
990 413 1270 464 prevenirent,
1313 413 1437 450 missa
1472 412 1674 464 legatione
1714 414 1764 451 ad

264 485 565 535 imperatorem,
590 490 798 534 exponunt
819 480 929 532 quod
952 479 1065 516 inviti
1086 478 1160 516 hoc
1186 479 1383 523 fecerunt,
1405 486 1443 516 et
1473 491 1516 515 se
1550 479 1599 516 ad
1636 479 1760 517 satis-

264 550 476 587 factionem
498 562 588 586 esse
611 556 774 599 paratos
792 555 829 584 et
848 547 888 584 in
911 545 1170 596 imperatoris
1191 558 1281 582 esse
1299 544 1470 581 arbitrio
1499 544 1675 595 qualiter
1709 545 1764 583 ita

263 616 376 653 fieret
397 615 717 660 emendatum,ut
739 614 787 650 de
805 612 964 663 reliquo
984 612 1090 649 inter
1106 619 1243 662 partes
1259 624 1336 662 pax
1355 611 1470 648 firma
1486 618 1609 648 esset.
1630 610 1762 649 Bone-

265 681 389 718 sacius
426 688 557 717 autem
593 692 743 725 comes,
770 678 832 715 cui
872 677 995 715 tutela
1035 676 1204 714 Corcice
1239 676 1372 714 insule
1410 676 1631 714 commissa
1660 685 1760 722 erat,

264 755 474 797 assumpto
497 759 634 783 secum
658 746 780 782 fratre
804 743 998 781 Bercario
1021 752 1059 780 et
1077 743 1166 780 aliis
1190 743 1436 794 quibusdam
1460 742 1677 780 comitibus
1711 743 1760 780 de

266 812 407 856 Tuxia,
433 811 643 849 Corsicam
667 818 706 847 et
727 809 957 847 Sardiniam
981 822 1069 845 cum
1084 821 1208 859 parva
1230 808 1359 845 classe
1378 808 1583 845 intravitl'.
1604 807 1763 846 Etcum

264 877 417 915 nullum
440 877 479 914 in
503 876 601 913 mari
624 876 794 927 piratam
814 875 1054 921 invenisset,
1073 875 1113 912 in
1128 874 1306 912 Africam
1321 873 1482 926 trajecit
1501 883 1539 912 et
1559 874 1666 912 inter
1678 875 1765 913 Uti-

265 956 348 980 cam
372 951 408 979 et
429 941 688 992 Cartaginem
711 954 923 992 egressus,
939 941 1192 978 innumeram
1216 941 1517 979 multitudinem
1540 940 1765 978 incolarum

265 1009 399 1046 subito
426 1008 580 1045 invenit
602 1015 906 1059 congregatam,
932 1020 1020 1044 cum
1044 1020 1122 1057 qua
1145 1006 1318 1058 prelium
1343 1007 1566 1053 conseruit,
1588 1015 1627 1044 et
1650 1006 1765 1058 quin-

265 1074 381 1125 quies
406 1074 580 1124 fugatam
604 1072 790 1118 cecidiffl,
809 1081 846 1109 et
869 1085 1013 1123 magna
1047 1071 1241 1109 Afrorum
1283 1072 1542 1110 multitudine
1576 1085 1684 1118 cesa,
1728 1080 1768 1110 et

265 1139 483 1190 aliquantis
507 1152 554 1176 ex
573 1139 696 1176 sociis
717 1138 801 1175 suis
823 1152 899 1189 pro
929 1139 1154 1176 temeritate
1174 1138 1352 1184 amissis,
1377 1138 1417 1176 in
1439 1152 1563 1176 naves
1587 1151 1681 1175 suas
1722 1150 1765 1175 se

265 1206 432 1256 recepit,
453 1213 489 1243 et
509 1204 583 1242 hoc
601 1206 702 1243 facto
725 1204 836 1242 Afris
861 1218 1050 1256 magnum
1067 1204 1254 1242 timorem
1272 1205 1459 1243 incussit.
1481 1204 1596 1242 Luna
1618 1203 1766 1242 defecit

265 1271 305 1308 in
328 1284 474 1308 occasu
494 1270 572 1308 kal.
598 1269 699 1318 julii,
720 1271 853 1321 primo
875 1270 1068 1308 diluculo.
1087 1270 1130 1307 In
1147 1270 1286 1307 Natale
1310 1270 1475 1308 Domini
1495 1270 1628 1308 media
1648 1277 1765 1307 nocte

266 1336 361 1373 item
382 1336 542 1373 defecit.
567 1335 611 1372 In
630 1335 846 1381 vasconia,
868 1336 907 1373 in
930 1349 1036 1387 pago
1060 1335 1307 1387 Aginnensi,
1348 1349 1509 1374 annona
1533 1336 1655 1373 simili
1681 1337 1765 1374 fru-

267 1410 402 1439 mento
425 1402 472 1439 de
488 1401 574 1438 celo
592 1401 711 1452 pluit,
736 1415 862 1453 grana
881 1403 1055 1440 rotunda
1074 1411 1111 1440 et
1126 1403 1316 1440 breviora
1334 1402 1503 1449 habens,
1519 1403 1568 1440 de
1591 1415 1672 1453 quo
1694 1402 1766 1439 de-

265 1468 388 1505 latum
411 1476 472 1505 est
494 1468 643 1505 domno
666 1468 904 1520 imperatori
923 1470 972 1507 ad
991 1469 1122 1520 Aquis
1144 1469 1352 1520 palatium.
1391 1468 1618 1520 Imperator
1659 1469 1767 1506 circa

268 1533 431 1571 missam
457 1533 593 1571 Sancti
616 1533 782 1572 Martini
802 1534 935 1586 Aquis
957 1535 1083 1580 venit,
1109 1543 1146 1572 et
1164 1535 1219 1572 ibi
1242 1543 1328 1572 toto
1351 1534 1524 1573 hiberno
1557 1534 1707 1573 mansit
1727 1542 1766 1572 et

264 1607 488 1637 conventus
511 1599 652 1650 plures
671 1600 726 1637 ibi
748 1600 878 1638 tenuit
900 1601 951 1638 ob
974 1601 1207 1639 necessaria
1227 1601 1360 1652 regni.

319 1673 382 1710 15.
403 1693 455 1698 —
475 1671 580 1709 Ante
598 1671 757 1710 Pascha
775 1686 874 1710 vero
888 1681 1063 1724 quatuor
1084 1671 1390 1723 diebuS,Aquis
1407 1680 1516 1710 terre
1529 1680 1662 1710 motus
1682 1673 1766 1709 fac-

263 1745 328 1774 tus
351 1745 412 1774 est
433 1744 593 1784 noctus,
615 1746 654 1776 et
670 1747 815 1776 ventus
837 1738 1057 1777 vehemens
1081 1748 1210 1785 ortus,
1227 1738 1322 1790 quiS
1344 1738 1554 1776 basilicam
1580 1751 1766 1789 magnam

267 1802 342 1840 Dei
362 1803 591 1854 genitricis,
623 1818 741 1855 quam
763 1813 910 1843 vocant
932 1805 1127 1857 capellam
1145 1805 1297 1850 Caroli,
1322 1812 1445 1842 totam
1467 1804 1689 1842 denudavit
1717 1805 1766 1842 de

264 1868 468 1919 plumbeis
490 1869 639 1906 tabulis
661 1871 710 1907 de
733 1871 881 1921 quibus
918 1879 1111 1922 cooperta
1141 1879 1240 1915 erat,
1272 1878 1310 1907 et
1329 1883 1470 1907 omnes
1510 1869 1552 1907 in
1592 1869 1767 1908 circuitu

266 1934 409 1971 domos
430 1935 645 1972 subvertit.
666 1935 717 1973 Et
738 1936 960 1987 imperator
998 1936 1053 1973 ibi
1095 1944 1273 1973 moratus
1309 1944 1370 1973 est
1402 1949 1533 1987 usque
1571 1935 1652 1973 kal.
1688 1933 1764 1986 jul.

265 2007 438 2050 propter
460 2000 645 2038 diversas
662 2002 971 2053 occupationes,
993 2011 1031 2040 et
1052 2003 1101 2039 ad
1123 2002 1356 2053 generalem
1379 2010 1626 2040 conventum
1640 2001 1767 2040 War-

267 2065 428 2103 matiam
450 2067 660 2118 profectus
681 2076 741 2105 est
760 2081 899 2105 mense
923 2077 1111 2120 augusto.
1135 2068 1195 2106 Ibi
1217 2068 1435 2106 nunciatur
1453 2068 1488 2106 ei
1507 2068 1766 2107 Normannos

265 2131 370 2169 velle
392 2132 585 2171 invadere
600 2134 811 2185 regionem
833 2134 1006 2172 Saxonie
1026 2143 1138 2172 trans
1154 2134 1315 2173 Albiam
1335 2144 1374 2173 et
1389 2135 1612 2173 exercitum
1628 2147 1768 2172 eorum

265 2198 546 2249 propinquare
565 2200 714 2237 finibus
739 2200 1004 2238 Francorum.
1043 2201 1094 2239 Et
1126 2210 1350 2239 commotus
1387 2201 1499 2239 misit
1536 2214 1613 2253 per
1644 2208 1768 2238 totam

268 2261 479 2300 Franciam
501 2272 544 2301 ut
566 2264 711 2302 festine
734 2265 922 2303 venirent
944 2274 1038 2317 post
1070 2280 1112 2303 se
1152 2266 1192 2304 in
1227 2266 1459 2312 Saxoniam,
1500 2265 1685 2304 indicans
1725 2277 1768 2302 se

266 2328 442 2365 transire
466 2328 649 2366 Hrenum
671 2331 778 2381 apud
795 2330 1054 2369 Novesiumt.
1084 2332 1164 2370 Sed
1187 2332 1255 2370 ubi
1285 2332 1487 2384 comperit
1502 2345 1650 2370 vanum
1678 2344 1769 2369 esse

268 2406 345 2443 que
375 2395 476 2431 sama
513 2395 562 2432 de
599 2395 849 2433 Normannis
890 2397 1060 2444 dixerat,
1103 2398 1237 2436 medio
1271 2406 1460 2450 augusto,
1501 2396 1769 2436 Warmatiam

266 2471 458 2496 reversus
482 2469 557 2498 est.
578 2460 652 2505 Ibi,
672 2461 808 2499 habito
829 2462 1047 2514 sollempni
1065 2473 1282 2510 conventu,
1301 2464 1435 2502 oblata
1456 2463 1536 2501 sibi
1555 2462 1769 2501 annualiau

267 2523 372 2561 dona
394 2526 577 2577 suscepit
598 2540 709 2564 more
733 2527 963 2579 sollempni.
992 2528 1044 2567 Et
1071 2529 1297 2581 legationes
1337 2544 1359 2568 a
1392 2529 1522 2568 Roma
1558 2537 1597 2567 et
1630 2528 1769 2566 Bene-

265 2598 386 2627 vento
405 2599 443 2628 et
458 2591 506 2628 de
528 2591 617 2629 aliis
637 2592 877 2645 longinquis
895 2595 1018 2632 terris
1039 2595 1238 2647 plurimas
1257 2596 1313 2634 ibi
1334 2596 1488 2634 audivit
1511 2604 1550 2634 et
1570 2596 1642 2633 abs
1652 2594 1774 2633 olvit.»

306 2720 343 2761 p)
371 2721 579 2772 ingreditur.
595 2723 632 2759 E,
655 2724 691 2761 F,
708 2724 798 2756 G.—
813 2727 845 2766 q)
868 2725 992 2756 cecidit
1013 2727 1051 2762 D,
1075 2727 1111 2762 F,
1135 2727 1175 2759 G.
1197 2728 1278 2768 —r)
1300 2731 1399 2757 nocte
1420 2727 1457 2763 Ε,
1475 2727 1512 2763 F,
1535 2726 1624 2758 G.—-
1663 2728 1766 2767 slque

266 2761 304 2794 Α.
327 2780 365 2785 ——
385 2763 412 2804 t)
432 2765 644 2796 lNovensmm
664 2766 702 2798 E.
725 2784 765 2790 —
785 2770 821 2807 u)
844 2768 1012 2799 animalia
1026 2770 1064 2805 A,
1081 2769 1119 2806 D,
1137 2770 1174 2800 E.
