1908 3256
668 322 788 347 ruffin
818 322 993 347 TERTIUS
1502 316 1571 351 101

80 411 203 452 locus
225 425 247 451 a
269 408 418 450 divino
447 408 585 450 culm.
612 409 665 450 Et
689 410 800 450 hanc
825 409 1031 465 injuriam
1054 411 1135 452 Dei
1165 428 1311 454 comes
1346 415 1573 470 supradic-

81 491 151 524 tus
190 481 416 523 vindicare
456 481 625 531 volens,
669 481 880 537 paulatim
942 482 1089 538 coepit
1146 483 1311 525 viribus
1371 487 1574 543 corporis

83 553 282 604 destitui,
308 562 351 595 et
384 553 429 594 in
463 553 572 593 urbe
608 552 834 611 Egolisma
875 568 1000 593 secus
1024 554 1282 596 aecclesiam
1309 558 1458 597 Sancti
1488 559 1573 598 An-

84 625 215 667 dreae
237 634 422 682 propter
445 623 631 665 offitium
654 624 990 680 divinumjubet
1007 625 1091 665 sibi
1115 625 1290 667 domuin
1313 644 1573 685 preparare,

85 696 130 738 in
159 713 243 754 qua
265 705 501 756 aegrotans
524 695 791 736 decumbere
836 696 998 752 coepit.
1040 696 1123 737 L'bi
1156 697 1432 740 incessanter
1465 716 1484 738 e
1516 699 1577 740 di-

86 768 225 810 versis
248 767 449 825 partibus
472 767 620 808 cuncti
643 766 870 823 principes
903 777 945 808 et
986 768 1157 809 nobiles
1192 786 1289 810 eum
1326 771 1576 811 visitabant.

90 840 289 897 Cumque
312 839 516 880 dicerent
546 838 750 880 nonnulli
779 839 990 880 maleficis
1013 840 1180 881 artibus
1204 857 1300 882 eum
1333 851 1578 901 aegrotare,

89 936 148 943 --
175 910 346 952 solebat
380 910 498 952 enim
532 901 717 951 robusto
741 919 783 951 et
818 926 923 951 sano
957 926 1144 967 corpore
1179 911 1328 971 vigere
1364 938 1436 963 —-‚
1480 922 1582 953 tunc

90 998 194 1024 vero
214 998 295 1024 nec
318 998 440 1024 more
464 998 618 1023 senum
642 998 722 1024 nec
752 998 873 1023 more
892 983 1103 1038 juvenum
1123 999 1309 1040 corpore
1334 984 1582 1034 fatesceret,

92 1054 266 1096 detecta
288 1064 355 1096 est
377 1054 593 1112 quaedam
617 1054 815 1096 malefica
850 1054 1008 1095 mulier
1036 1063 1152 1096 artes
1187 1055 1406 1097 maleficas
1435 1066 1588 1098 contra

94 1143 193 1168 eum
234 1127 504 1169 exercuisse.
542 1128 663 1180 Quae
698 1143 797 1168 cum
838 1142 926 1167 non
965 1127 1268 1177 confiteretur,
1305 1128 1468 1184 juditio
1508 1127 1590 1170 Dei

95 1199 380 1241 commissum
404 1208 485 1250 est,
508 1208 556 1241 ut
578 1199 697 1257 quod
719 1215 871 1240 verum
890 1199 1054 1240 latebat
1072 1209 1228 1241 eventu
1248 1200 1457 1241 victoriae
1477 1201 1591 1242 inter

96 1271 206 1313 duos
229 1271 486 1329 campiones
509 1273 792 1329 probaretur.
814 1271 960 1313 Factis
984 1288 1090 1331 ergo
1114 1273 1415 1324 sacramentis,
1442 1273 1591 1315 decer-

96 1352 301 1385 taverunt
323 1343 439 1385 inter
469 1360 512 1385 se
545 1343 620 1384 diu
644 1344 919 1400 multumque
955 1343 1115 1384 missus
1138 1344 1312 1385 comitis
1338 1345 1590 1401 Stephanus

98 1424 141 1457 et
189 1414 397 1457 defensor
444 1414 667 1456 maleficae
718 1415 988 1459 &villelmus
1035 1416 1287 1472 Stephanus
1322 1415 1460 1456 victor
1499 1416 1591 1456 sine

100 1486 294 1544 dampno
318 1486 385 1528 sui
408 1486 610 1543 corporis
645 1486 743 1537 fuit,
787 1487 898 1528 alter
931 1486 1074 1543 capite
1115 1496 1337 1543 quassato,
1377 1486 1592 1543 sanguine

100 1567 354 1615 coopertus,
393 1559 447 1599 ab
487 1559 597 1599 hora
629 1558 768 1599 tercia
801 1574 941 1616 usque
970 1574 1130 1599 nonam
1160 1558 1202 1598 in
1236 1558 1423 1615 pedibus
1457 1567 1592 1606 stans,

99 1630 241 1672 victus
283 1629 518 1671 semivivus
559 1629 604 1670 in
651 1629 854 1670 manibus
900 1629 1174 1686 deportatus.
1221 1629 1353 1688 longo
1396 1638 1595 1685 tempore

100 1701 328 1742 decubuit.
353 1702 441 1742 Nec
465 1700 526 1742 sic
556 1700 752 1742 malefica
781 1700 981 1742 confessa
1004 1710 1085 1750 est,
1111 1718 1131 1742 a
1161 1701 1303 1742 tribus
1338 1710 1483 1741 tamen
1508 1716 1597 1740 mu-

101 1772 304 1823 lieribus,
330 1788 441 1829 quae
459 1771 528 1812 his
557 1771 786 1813 maleficiis
805 1788 903 1813 cum
919 1788 967 1813 ea
991 1771 1303 1817 imersuerunt‚
1326 1770 1595 1812 testimoniis

103 1843 304 1885 convicta
331 1852 412 1884 est.
438 1844 596 1885 Narrat
633 1843 921 1884 Ilieronimus
954 1842 1223 1883 Anthiocum
1255 1841 1473 1898 Episancn
1504 1840 1592 1881 san·

102 1915 228 1957 tasiis
252 1914 552 1956 maleficorum
580 1931 755 1956 versum
783 1915 828 1956 in
856 1914 1092 1956 amentiam
1117 1923 1158 1955 et
1187 1913 1450 1970 quibusdam
1474 1928 1598 1954 erro-

104 1986 229 2027 ribus
252 2002 516 2043 oppressum
539 1987 694 2027 morbo
718 1985 942 2027 interisse.
964 1987 1073 2026 Necz
1103 1985 1278 2029 mirum,
1300 1984 1336 2025 si
1364 1986 1483 2025 Deus
1501 1999 1600 2040 per-

107 2058 245 2099 mittit
270 2057 563 2099 christianum
610 2057 840 2118 prestigiis
882 2057 1180 2098 maleficorum
1216 2072 1404 2113 corpore
1445 2070 1599 2114 aegro-

105 2138 217 2181 tare,
254 2146 352 2171 cum
380 2130 558 2171 beatum
590 2130 670 2171 Job
706 2129 895 2170 sciamus
929 2146 951 2170 a
986 2128 1162 2169 diabolo
1191 2143 1450 2185 percussum
1480 2125 1601 2186 gravi

107 2201 256 2243 ulcere
299 2210 341 2242 et
375 2201 561 2243 Paulum
607 2202 660 2242 ab
709 2201 867 2261 angelo
905 2201 1123 2243 Sathanae
1147 2199 1488 2257 colaphizatum,
1521 2213 1601 2238 nec

108 2273 308 2315 timenda
348 2273 405 2314 sit
453 2272 656 2330 corporis
690 2272 881 2329 perituri
914 2271 1177 2332 aegrotatio,

1228 2271 1492 2331 graviorque
1547 2268 1604 2310 sit

110 2345 356 2387 animarum
385 2361 515 2403 quam
538 2360 777 2401 COI'POI'UID
805 2344 1053 2401 peI'CUSSiO.
1081 2344 1238 2384 Comes
1263 2359 1368 2402 CFgO
1404 2341 1605 2398 POPOITlt

113 2494 277 2525 mulieres
298 2497 521 2525 extraxerunt
541 2503 659 2523 coram
682 2492 856 2527 omnibus,
876 2492 949 2532 jam
968 2493 1182 2532 putrefactas
1223 2489 1462 2520 diuturnitate*
1488 2489 1609 2519 Comes

114 2547 197 2577 ergo
218 2536 375 2576 pepercit
396 2535 551 2565 malefice
571 2534 719 2569 mulieri,
743 2545 803 2564 nec
819 2534 901 2564 sivit
917 2544 992 2563 eam
1015 2532 1218 2563 tormentari
1240 2532 1386 2562 ulterius
1409 2536 1439 2560 et
1457 2531 1563 2561 vitam
1580 2531 1607 2559 ei

115 2578 298 2608 concessit.
328 2578 455 2608 Narrat
487 2576 708 2606 Hieronimus
733 2575 767 2605 in
789 2575 1009 2616 exposicione
1058 2574 1210 2605 Danielis
1233 2574 1256 2603 C
1277 2574 1302 2604 ¹.
1325 2590 1362 2596 —-
1390 2576 1422 2613 z)
1462 2572 1542 2603 Nec.

116 2619 323 2650 tormentari
344 2620 437 2649 deest
465 2618 500 2648 C.

160 2812 190 2844 1.
213 2811 263 2845 Cf.
286 2814 386 2843 Gesta
407 2811 509 2853 episc.
528 2809 728 2852 Engolism.,
751 2820 780 2840 e.
807 2810 857 2840 25.

1664 710 1706 736 sin
1724 709 1787 735 1027
