1908 3256
257 283 304 319 72
774 288 959 313 mmmm
992 288 1231 313 cunonem*

250 383 432 435 jumenta
453 393 592 418 corum
615 378 862 416 sufficientes
885 377 1057 415 recreati
1081 386 1189 423 sunt,
1215 387 1253 417 et
1274 387 1352 417 tam
1375 380 1443 418 diu
1465 379 1636 418 ebulluit
1651 392 1754 430 aqua

256 449 376 487 vivan
398 448 526 485 donec
550 447 682 483 sanum
706 445 958 481 destructum
993 451 1067 480 est.
1111 443 1224 482 Tunc
1259 458 1429 497 magnus
1469 459 1541 483 rex
1581 445 1754 483 Carolus

258 527 382 565 super
397 512 559 551 fluvium
582 510 793 548 XVisoram
815 509 1002 553 veniens,
1027 509 1082 546 ibi
1099 508 1238 548 habuit
1258 510 1451 562 placitum
1474 524 1563 549 cum
1586 510 1757 549 Saxoni-

258 581 334 617 bus
357 577 602 629 ct‚receptis
632 576 847 613 obsidibus
870 586 945 619 XII,
970 588 1163 612 reversus
1186 584 1247 613 est
1274 576 1314 614 in
1344 576 1554 615 Franciam
1584 584 1623 614 et
1651 576 1753 614 cele-

259 645 390 683 bravit
410 643 566 681 Pascha
588 650 624 679 et
646 641 828 679 Natalem
858 640 1023 678 Domini
1045 640 1086 677 in
1119 640 1346 680 Aristallio.
1372 641 1469 680 Inde
1509 641 1668 694 perexit
1706 642 1756 679 ad

259 711 517 749 hiemandum
540 709 580 746 in
603 707 796 745 Teodone
817 706 926 745 villa.
954 706 1013 744 Ibi
1034 707 1144 744 venit
1177 708 1226 745 ad
1266 721 1355 746 eum
1396 708 1547 746 missus
1586 707 1759 746 Adriani

259 791 362 830 pape
385 776 532 814 Petrus
554 788 629 826 per
644 787 752 811 mare
769 786 899 823 usque
921 773 971 810 ad
992 772 1177 811 Arlatum
1206 782 1244 811 et
1283 774 1377 811 inde
1410 787 1485 825 per
1518 783 1684 819 terram,
1721 781 1759 811 et

260 842 444 881 invitavit
465 840 691 893 gloriosum
714 852 853 891 regern
877 847 916 877 et
944 838 1124 876 Francos
1157 838 1244 891 ejus
1278 853 1354 891 pro
1396 839 1472 877 Dei
1513 839 1681 878 servitio
1721 848 1760 878 et

256 908 422 961 justicia
441 907 569 944 sancti
593 905 705 943 Petri
728 913 869 942 contra
907 904 1169 942 Desiderium
1211 919 1349 957 regem
1386 914 1424 943 et
1446 905 1757 957 Langobardos

264 975 315 1012 Et
335 975 427 1012 ideo
451 972 651 1010 maritime
668 971 779 1009 venit
801 970 895 1022 quia
917 970 1114 1007 Romanis
1138 970 1272 1008 clause
1295 972 1454 1009 fuerant
1475 971 1539 1009 vie
1561 985 1583 1009 a
1604 971 1761 1023 Lango-

263 1040 418 1083 bardis,
434 1047 471 1076 et
486 1037 700 1090 precelsus
717 1050 803 1081 rex,
817 1041 1004 1087 sumpto⁰
1019 1036 1194 1074 consilio
1206 1050 1295 1074 cum
1312 1037 1480 1075 Francis
1492 1037 1591 1088 quid
1606 1045 1760 1088 ageret,

263 1105 454 1159 promisit
470 1118 512 1141 se
534 1103 726 1141 auxilium
751 1102 948 1139 Romanis
970 1102 1242 1153 prebiturum.
1269 1103 1499 1154 Tenuitque
1522 1116 1611 1140 cum
1635 1102 1764 1140 Fran—

265 1173 323 1211 cis
346 1170 594 1223 generaliter
615 1169 805 1206 sinodum
828 1168 869 1205 in
898 1167 1080 1205 Genuam
1116 1168 1334 1213 civitatem,
1370 1169 1509 1220 ibique
1544 1168 1763 1206 exercitum

265 1237 452 1276 dividens
474 1235 634 1286 perexit
656 1235 744 1285 ipse
765 1247 844 1284 per
860 1242 1036 1271 montem
1061 1233 1277 1271 Cesusium
1295 1239 1323 1279 Ρ,
1362 1234 1553 1285 misitque
1593 1233 1765 1271 Beroar-

266 1305 374 1345 dum,
390 1301 631 1340 avunculum
649 1313 866 1351 suum,per
887 1307 1064 1336 montem
1081 1299 1221 1337 Jovem
1238 1313 1327 1337 cum
1350 1300 1439 1337 aliis
1457 1298 1543 1351 ejus
1559 1299 1764 1344 fidelibus,

266 1378 305 1408 et
322 1378 417 1407 tune
439 1369 557 1406 ambo
580 1366 784 1404 exercitus
807 1365 856 1403 ad
880 1364 1027 1403 Clusas
1051 1378 1093 1402 se
1117 1364 1432 1417 conjunxerunt,
1457 1379 1500 1403 ac
1523 1365 1766 1404 Desiderius

266 1449 337 1474 rex
355 1434 515 1472 obviam
536 1433 648 1471 venit
670 1432 819 1469 domno
837 1430 985 1469 Carolo
1001 1431 1103 1482 regi.
1131 1431 1316 1469 Domnus
1349 1445 1448 1469 vero
1484 1430 1656 1469 Carolus
1689 1445 1768 1469 una

266 1516 355 1539 cum
378 1499 546 1538 Francis
563 1507 697 1536 castra
717 1505 889 1535 metatus
912 1505 974 1534 est
989 1497 1037 1534 ad
1053 1497 1216 1534 easdem
1233 1496 1380 1535 Clusas
1397 1497 1589 1548 misitque
1612 1511 1767 1535 scaram

268 1581 379 1607 suam
397 1580 471 1619 per
486 1573 689 1603 montana.
715 1563 803 1601 Hoc
833 1563 1015 1601 sentiens
1051 1563 1295 1600 Desiderius
1331 1563 1477 1601 Clusas
1512 1563 1706 1615 reliquid,
1731 1572 1770 1600 et

268 1636 441 1673 domnus
458 1646 530 1670 rex
553 1631 726 1669 Carolus
749 1643 828 1667 una
850 1642 939 1666 cum
978 1629 1163 1674 Francis,
1188 1629 1405 1667 auxiliante
1429 1629 1606 1667 Domino
1635 1638 1673 1667 et
1705 1629 1769 1666 in-

267 1700 502 1738 tercedente
524 1699 642 1735 beato
671 1696 811 1741 Petro,
838 1695 925 1732 sine
949 1694 1104 1732 lesione
1132 1695 1195 1732 vel
1236 1695 1370 1746 aliqua
1410 1695 1720 1733 conturbatione
1736 1701 1766 1741 q,

270 1765 406 1803 Clusis
429 1763 597 1815 apertis,
624 1761 776 1799 Italiam
799 1760 964 1798 intravit
987 1769 1025 1798 et
1047 1760 1215 1811 Papiam
1237 1773 1365 1811 usque
1387 1760 1589 1811 pervenit,
1609 1769 1647 1798 et
1674 1761 1768 1798 dum

268 1845 344 1883 pro
367 1829 606 1868 defensione
630 1835 767 1865 sancte
803 1826 984 1863 Romane
1020 1826 1193 1863 ecclesie
1228 1826 1284 1863 ibi
1316 1826 1562 1871 intenderet,
1599 1826 1770 1864 dimissa

271 1896 453 1934 marchar
472 1902 509 1932 et
531 1902 673 1931 contra
701 1892 883 1929 Saxones
906 1892 1016 1928 nulla
1034 1891 1281 1929 sederatione
1306 1900 1511 1942 suscepta,
1536 1891 1615 1943 ipsi
1640 1891 1768 1929 Saxo-

271 1977 343 2000 nes
367 1975 455 1999 cum
478 1973 625 2011 magno
649 1958 828 1996 exercitu
846 1958 1031 1995 exierunt
1048 1971 1172 2009 super
1194 1957 1367 1994 confinia
1390 1957 1657 2002 Francorum,
1678 1971 1768 2009 per-

270 2036 550 2077 veneruntque
574 2026 623 2062 ad
645 2033 822 2062 castrum
838 2024 948 2074 quod
971 2023 1120 2061 dicitur
1141 2023 1630 2075 BurialmrgConfinales
1653 2037 1767 2070 vero,

273 2095 321 2131 de
343 2093 415 2130 hac
438 2105 557 2129 causa
574 2089 752 2136 solliciti,
778 2088 989 2126 castellum
1010 2088 1300 2139 ingrediuntur
1321 2097 1359 2125 et
1381 2089 1617 2126 defendunt.
1657 2088 1768 2126 Gens

272 2167 402 2197 autem
417 2158 620 2195 Saxonum
644 2169 732 2193 cum
756 2155 906 2192 seviret
923 2154 1075 2191 deforis
1096 2162 1134 2191 et
1154 2154 1344 2192 incendio
1361 2163 1505 2192 cuncta
1526 2162 1768 2199 cremarent,

272 2231 472 2262 venerunt
494 2223 542 2259 ad
566 2222 766 2272 quandam
795 2219 1002 2257 basilicam
1034 2220 1074 2257 in
1109 2219 1198 2257 loco
1234 2220 1302 2270 qui
1337 2219 1486 2257 dieitur
1526 2219 1767 2263 Fricdislar,

274 2304 391 2342 quam
415 2297 553 2326 sancte
581 2287 710 2324 Marie
734 2286 978 2323 Boncsacius
1003 2286 1145 2323 martir
1167 2294 1495 2330 consecraverat,
1527 2294 1565 2323 et
1585 2298 1661 2337 per
1687 2285 1768 2336 spi-

273 2357 393 2393 ritum
413 2353 629 2406 prophetie
659 2352 894 2403 predixerat
925 2352 1034 2402 quod
1062 2365 1266 2402 nunquam
1289 2351 1479 2389 incendio
1501 2359 1766 2389 cremaretur.

274 2421 325 2459 Et
359 2428 555 2471 ceperunt
595 2418 776 2455 Saxones
817 2431 906 2454 cum
935 2416 1058 2454 nimia
1100 2417 1324 2455 intentione
1364 2418 1562 2455 adversus
1600 2417 1768 2454 eandem

273 2485 481 2524 basilicam
504 2493 675 2528 certare,
697 2483 1036 2534 quemadmodum
1054 2495 1139 2519 eam
1162 2483 1346 2533 quolibet
1368 2482 1535 2534 ingenio
1558 2482 1652 2533 igne
1677 2495 1769 2519 cre-

275 2565 382 2588 mare
417 2550 663 2601 potuissent.
707 2549 812 2586 Dum
856 2548 927 2585 hec
955 2557 1189 2599 agerentur,
1215 2556 1491 2599 apparuerunt
1528 2547 1775 2599 quibusdam·

276 2616 520 2655 Christianis
544 2615 611 2667 qui
641 2623 755 2652 erant
782 2615 821 2651 in
845 2614 1012 2652 castello
1036 2614 1224 2653 similiter
1258 2623 1297 2652 et
1320 2614 1563 2665 quibusdam
1596 2613 1768 2665 paganis

318 2765 350 2801 n)
374 2766 416 2793 Fe
451 2775 599 2805 passage
640 2762 758 2803 depuis
786 2766 927 2792 cunctas
956 2762 1047 2790 deest
1080 2762 1118 2793 D.
1155 2762 1190 2796 E,
1233 2762 1268 2795 F,
1313 2761 1351 2791 G.
1373 2779 1414 2783 —
1440 2761 1473 2798 o)
1497 2764 1637 2800 sumpto
1670 2760 1706 2790 A.
1730 2777 1771 2782 -—

276 2807 311 2848 p)
328 2806 503 2836 Celusiuin
520 2806 556 2840 E,
581 2806 615 2840 F,
639 2805 678 2835 Gr.
701 2823 741 2826 —
761 2805 796 2844 q)
818 2803 1080 2844 perturbatione
1103 2804 1137 2837 F.
1161 2803 1200 2833 G.
1218 2822 1257 2825 -—
1284 2804 1311 2840 r)
1328 2802 1485 2833 marchia
1502 2803 1537 2837 F,
1555 2802 1593 2832 G.
