<?xml version="1.0" encoding="UTF-8"?>
<!DOCTYPE html PUBLIC "-//W3C//DTD XHTML 1.0 Transitional//EN"
    "http://www.w3.org/TR/xhtml1/DTD/xhtml1-transitional.dtd">
<html xmlns="http://www.w3.org/1999/xhtml" xml:lang="en" lang="en">
 <head>
  <title>
</title>
<meta http-equiv="Content-Type" content="text/html;charset=utf-8" />
  <meta name='ocr-system' content='tesseract 3.04.00' />
  <meta name='ocr-capabilities' content='ocr_page ocr_carea ocr_par ocr_line ocrx_word'/>
</head>
<body>
  <div class='ocr_page' id='page_1' title='image "./chronique00aduoft_0246.png"; bbox 0 0 1908 3256; ppageno 0'>
   <div class='ocr_carea' id='block_1_1' title="bbox 110 1441 176 1469">
    <p class='ocr_par' dir='ltr' id='par_1_1' title="bbox 110 1441 176 1469">
     <span class='ocr_line' id='line_1_1' title="bbox 110 1441 176 1469; baseline -0.03 0"><span class='ocrx_word' id='word_1_1' title='bbox 110 1441 176 1469; x_wconf 82' lang='lat'>1020</span> 
     </span>
    </p>
   </div>
   <div class='ocr_carea' id='block_1_2' title="bbox 69 1870 230 1905">
    <p class='ocr_par' dir='ltr' id='par_1_2' title="bbox 69 1870 230 1905">
     <span class='ocr_line' id='line_1_2' title="bbox 69 1870 230 1905; baseline -0.019 -6"><span class='ocrx_word' id='word_1_2' title='bbox 69 1870 135 1899; x_wconf 77' lang='lat'>1021</span> <span class='ocrx_word' id='word_1_3' title='bbox 146 1870 230 1905; x_wconf 77' lang='lat' dir='ltr'>janv.</span> 
     </span>
    </p>
   </div>
   <div class='ocr_carea' id='block_1_3' title="bbox 290 323 1275 359">
    <p class='ocr_par' dir='ltr' id='par_1_3' title="bbox 290 323 1275 359">
     <span class='ocr_line' id='line_1_3' title="bbox 290 323 1275 359; baseline -0.001 -1"><span class='ocrx_word' id='word_1_4' title='bbox 290 323 361 359; x_wconf 75' lang='lat'>182</span> <span class='ocrx_word' id='word_1_5' title='bbox 816 333 1001 357; x_wconf 67' lang='lat' dir='ltr'>ADEMAni</span> <span class='ocrx_word' id='word_1_6' title='bbox 1034 332 1275 357; x_wconf 69' lang='lat' dir='ltr'>cuuoxlcox</span> 
     </span>
    </p>
   </div>
   <div class='ocr_carea' id='block_1_4' title="bbox 283 422 1814 2684">
    <p class='ocr_par' dir='ltr' id='par_1_4' title="bbox 283 422 1795 1415">
     <span class='ocr_line' id='line_1_4' title="bbox 284 422 1793 483; baseline -0.001 -17"><span class='ocrx_word' id='word_1_7' title='bbox 284 424 545 466; x_wconf 88' lang='lat' dir='ltr'>vestimenta</span> <span class='ocrx_word' id='word_1_8' title='bbox 568 424 635 464; x_wconf 81' lang='lat' dir='ltr'>vel</span> <span class='ocrx_word' id='word_1_9' title='bbox 657 423 947 464; x_wconf 87' lang='lat' dir='ltr'>calciamenta</span> <span class='ocrx_word' id='word_1_10' title='bbox 975 438 1129 463; x_wconf 89' lang='lat' dir='ltr'>eorum</span> <span class='ocrx_word' id='word_1_11' title='bbox 1151 422 1395 479; x_wconf 71' lang='lat' dir='ltr'>apparuiti.</span> <span class='ocrx_word' id='word_1_12' title='bbox 1421 422 1622 483; x_wconf 85' lang='lat' dir='ltr'>Contigit</span> <span class='ocrx_word' id='word_1_13' title='bbox 1648 423 1793 465; x_wconf 90' lang='lat' dir='ltr'>homi-</span> 
     </span>
     <span class='ocr_line' id='line_1_5' title="bbox 284 492 1792 554; baseline -0.001 -16"><span class='ocrx_word' id='word_1_14' title='bbox 284 512 361 538; x_wconf 84' lang='lat' dir='ltr'>nes</span> <span class='ocrx_word' id='word_1_15' title='bbox 385 495 525 537; x_wconf 87' lang='lat' dir='ltr'>sancti</span> <span class='ocrx_word' id='word_1_16' title='bbox 547 494 760 536; x_wconf 82' lang='lat' dir='ltr'>Johannis</span> <span class='ocrx_word' id='word_1_17' title='bbox 784 502 827 535; x_wconf 90' lang='lat' dir='ltr'>et</span> <span class='ocrx_word' id='word_1_18' title='bbox 848 493 1067 538; x_wconf 79' lang='lat' dir='ltr'>willelmi</span> <span class='ocrx_word' id='word_1_19' title='bbox 1090 493 1215 534; x_wconf 90' lang='lat' dir='ltr'>ducis</span> <span class='ocrx_word' id='word_1_20' title='bbox 1238 492 1283 534; x_wconf 90' lang='lat' dir='ltr'>in</span> <span class='ocrx_word' id='word_1_21' title='bbox 1315 493 1568 554; x_wconf 80' lang='lat' dir='ltr'>Angeriaco</span> <span class='ocrx_word' id='word_1_22' title='bbox 1591 493 1688 536; x_wconf 88' lang='lat' dir='ltr'>vico</span> <span class='ocrx_word' id='word_1_23' title='bbox 1718 503 1792 536; x_wconf 89' lang='lat' dir='ltr'>tu-</span> 
     </span>
     <span class='ocr_line' id='line_1_6' title="bbox 283 565 1788 622; baseline -0.001 -13"><span class='ocrx_word' id='word_1_24' title='bbox 283 567 508 618; x_wconf 85' lang='lat' dir='ltr'>multuari,</span> <span class='ocrx_word' id='word_1_25' title='bbox 534 576 577 608; x_wconf 90' lang='lat' dir='ltr'>et</span> <span class='ocrx_word' id='word_1_26' title='bbox 604 566 861 608; x_wconf 80' lang='lat' dir='ltr'>vulneratus</span> <span class='ocrx_word' id='word_1_27' title='bbox 894 574 961 607; x_wconf 91' lang='lat' dir='ltr'>est</span> <span class='ocrx_word' id='word_1_28' title='bbox 995 565 1278 622; x_wconf 87' lang='lat' dir='ltr'>praepositus</span> <span class='ocrx_word' id='word_1_29' title='bbox 1320 565 1445 607; x_wconf 90' lang='lat' dir='ltr'>ducis</span> <span class='ocrx_word' id='word_1_30' title='bbox 1487 565 1545 607; x_wconf 87' lang='lat' dir='ltr'>ad.</span> <span class='ocrx_word' id='word_1_31' title='bbox 1576 576 1788 618; x_wconf 88' lang='lat' dir='ltr'>mortem,</span> 
     </span>
     <span class='ocr_line' id='line_1_7' title="bbox 285 637 1789 696; baseline -0.001 -14"><span class='ocrx_word' id='word_1_32' title='bbox 285 650 327 682; x_wconf 83' lang='lat' dir='ltr'>et</span> <span class='ocrx_word' id='word_1_33' title='bbox 348 641 445 682; x_wconf 87' lang='lat' dir='ltr'>aula</span> <span class='ocrx_word' id='word_1_34' title='bbox 468 641 561 696; x_wconf 82' lang='lat' dir='ltr'>ejus</span> <span class='ocrx_word' id='word_1_35' title='bbox 585 638 647 680; x_wconf 92' lang='lat' dir='ltr'>ibi</span> <span class='ocrx_word' id='word_1_36' title='bbox 675 638 838 680; x_wconf 86' lang='lat' dir='ltr'>diruta.</span> <span class='ocrx_word' id='word_1_37' title='bbox 871 638 993 679; x_wconf 86' lang='lat' dir='ltr'>Tunc</span> <span class='ocrx_word' id='word_1_38' title='bbox 1017 654 1039 679; x_wconf 86' lang='lat' dir='ltr'>a</span> <span class='ocrx_word' id='word_1_39' title='bbox 1061 637 1328 695; x_wconf 86' lang='lat' dir='ltr'>primatibus</span> <span class='ocrx_word' id='word_1_40' title='bbox 1353 637 1589 689; x_wconf 84' lang='lat' dir='ltr'>malivolis,</span> <span class='ocrx_word' id='word_1_41' title='bbox 1628 647 1671 679; x_wconf 88' lang='lat' dir='ltr'>et</span> <span class='ocrx_word' id='word_1_42' title='bbox 1692 654 1789 696; x_wconf 91' lang='lat' dir='ltr'>pre-</span> 
     </span>
     <span class='ocr_line' id='line_1_8' title="bbox 286 708 1791 770; baseline -0.001 -16"><span class='ocrx_word' id='word_1_43' title='bbox 286 713 414 770; x_wconf 80' lang='lat' dir='ltr'>cipue</span> <span class='ocrx_word' id='word_1_44' title='bbox 438 728 459 753; x_wconf 88' lang='lat' dir='ltr'>a</span> <span class='ocrx_word' id='word_1_45' title='bbox 481 711 676 754; x_wconf 89' lang='lat' dir='ltr'>Fulcone</span> <span class='ocrx_word' id='word_1_46' title='bbox 705 709 883 759; x_wconf 82' lang='lat' dir='ltr'>comite,</span> <span class='ocrx_word' id='word_1_47' title='bbox 923 708 999 767; x_wconf 91' lang='lat' dir='ltr'>qui</span> <span class='ocrx_word' id='word_1_48' title='bbox 1026 718 1131 750; x_wconf 88' lang='lat' dir='ltr'>tunc</span> <span class='ocrx_word' id='word_1_49' title='bbox 1160 708 1205 749; x_wconf 92' lang='lat' dir='ltr'>in</span> <span class='ocrx_word' id='word_1_50' title='bbox 1229 708 1409 750; x_wconf 81' lang='lat' dir='ltr'>servitio</span> <span class='ocrx_word' id='word_1_51' title='bbox 1439 708 1564 750; x_wconf 88' lang='lat' dir='ltr'>ducis</span> <span class='ocrx_word' id='word_1_52' title='bbox 1596 709 1791 752; x_wconf 84' lang='lat' dir='ltr'>Pictavis</span> 
     </span>
     <span class='ocr_line' id='line_1_9' title="bbox 288 781 1790 842; baseline -0.002 -16"><span class='ocrx_word' id='word_1_53' title='bbox 288 793 381 826; x_wconf 89' lang='lat' dir='ltr'>erat</span> <span class='ocrx_word' id='word_1_54' title='bbox 402 793 603 840; x_wconf 88' lang='lat' dir='ltr'>tempore</span> <span class='ocrx_word' id='word_1_55' title='bbox 627 782 994 842; x_wconf 75' lang='lat' dir='ltr'>quadragesimae</span> <span class='ocrx_word' id='word_1_56' title='bbox 1018 781 1286 822; x_wconf 80' lang='lat' dir='ltr'>suadebatur</span> <span class='ocrx_word' id='word_1_57' title='bbox 1310 781 1350 822; x_wconf 89' lang='lat' dir='ltr'>ei</span> <span class='ocrx_word' id='word_1_58' title='bbox 1373 781 1605 823; x_wconf 89' lang='lat' dir='ltr'>destruere</span> <span class='ocrx_word' id='word_1_59' title='bbox 1644 782 1790 823; x_wconf 90' lang='lat' dir='ltr'>locum</span> 
     </span>
     <span class='ocr_line' id='line_1_10' title="bbox 289 852 1793 904; baseline -0.001 -8"><span class='ocrx_word' id='word_1_60' title='bbox 289 855 429 896; x_wconf 90' lang='lat' dir='ltr'>sancti</span> <span class='ocrx_word' id='word_1_61' title='bbox 458 854 687 904; x_wconf 77' lang='lat' dir='ltr'>Johannis‚</span> <span class='ocrx_word' id='word_1_62' title='bbox 720 863 761 895; x_wconf 91' lang='lat' dir='ltr'>et</span> <span class='ocrx_word' id='word_1_63' title='bbox 784 853 886 894; x_wconf 91' lang='lat' dir='ltr'>inde</span> <span class='ocrx_word' id='word_1_64' title='bbox 911 853 1151 894; x_wconf 88' lang='lat' dir='ltr'>monachos</span> <span class='ocrx_word' id='word_1_65' title='bbox 1175 853 1336 904; x_wconf 82' lang='lat' dir='ltr'>eicere,</span> <span class='ocrx_word' id='word_1_66' title='bbox 1363 852 1628 894; x_wconf 85' lang='lat' dir='ltr'>canonicosk</span> <span class='ocrx_word' id='word_1_67' title='bbox 1646 853 1793 895; x_wconf 89' lang='lat' dir='ltr'>inmit-</span> 
     </span>
     <span class='ocr_line' id='line_1_11' title="bbox 289 925 1793 985; baseline -0.001 -16"><span class='ocrx_word' id='word_1_68' title='bbox 289 937 400 969; x_wconf 89' lang='lat' dir='ltr'>tere.</span> <span class='ocrx_word' id='word_1_69' title='bbox 433 928 487 968; x_wconf 86' lang='lat' dir='ltr'>Et</span> <span class='ocrx_word' id='word_1_70' title='bbox 510 927 612 968; x_wconf 91' lang='lat' dir='ltr'>licet</span> <span class='ocrx_word' id='word_1_71' title='bbox 630 926 944 968; x_wconf 87' lang='lat' dir='ltr'>serenissimus</span> <span class='ocrx_word' id='word_1_72' title='bbox 967 926 1178 983; x_wconf 85' lang='lat' dir='ltr'>princeps</span> <span class='ocrx_word' id='word_1_73' title='bbox 1215 925 1362 967; x_wconf 86' lang='lat' dir='ltr'>surore</span> <span class='ocrx_word' id='word_1_74' title='bbox 1393 925 1515 985; x_wconf 77' lang='lat' dir='ltr'>gravi</span> <span class='ocrx_word' id='word_1_75' title='bbox 1545 935 1793 967; x_wconf 89' lang='lat' dir='ltr'>commotus</span> 
     </span>
     <span class='ocr_line' id='line_1_12' title="bbox 291 997 1793 1055; baseline -0.001 -15"><span class='ocrx_word' id='word_1_76' title='bbox 291 1008 407 1041; x_wconf 87' lang='lat' dir='ltr'>esset</span> <span class='ocrx_word' id='word_1_77' title='bbox 430 1014 511 1054; x_wconf 90' lang='lat' dir='ltr'>pro</span> <span class='ocrx_word' id='word_1_78' title='bbox 534 997 696 1055; x_wconf 85' lang='lat' dir='ltr'>injuria</span> <span class='ocrx_word' id='word_1_79' title='bbox 720 1013 812 1048; x_wconf 90' lang='lat' dir='ltr'>sua,</span> <span class='ocrx_word' id='word_1_80' title='bbox 834 1007 983 1039; x_wconf 90' lang='lat' dir='ltr'>tamen</span> <span class='ocrx_word' id='word_1_81' title='bbox 1013 1013 1134 1039; x_wconf 88' lang='lat' dir='ltr'>suam</span> <span class='ocrx_word' id='word_1_82' title='bbox 1164 997 1275 1038; x_wconf 87' lang='lat' dir='ltr'>iram</span> <span class='ocrx_word' id='word_1_83' title='bbox 1310 1007 1351 1039; x_wconf 88' lang='lat' dir='ltr'>et</span> <span class='ocrx_word' id='word_1_84' title='bbox 1381 997 1621 1055; x_wconf 90' lang='lat' dir='ltr'>impiorum</span> <span class='ocrx_word' id='word_1_85' title='bbox 1651 997 1793 1039; x_wconf 89' lang='lat' dir='ltr'>consi-</span> 
     </span>
     <span class='ocr_line' id='line_1_13' title="bbox 291 1069 1794 1129; baseline -0.001 -17"><span class='ocrx_word' id='word_1_86' title='bbox 291 1071 347 1113; x_wconf 89' lang='lat' dir='ltr'>lia</span> <span class='ocrx_word' id='word_1_87' title='bbox 369 1071 489 1117; x_wconf 79' lang='lat' dir='ltr'>vicit,</span> <span class='ocrx_word' id='word_1_88' title='bbox 517 1079 559 1111; x_wconf 90' lang='lat' dir='ltr'>et</span> <span class='ocrx_word' id='word_1_89' title='bbox 581 1069 722 1129; x_wconf 81' lang='lat' dir='ltr'>regali</span> <span class='ocrx_word' id='word_1_90' title='bbox 745 1085 866 1110; x_wconf 89' lang='lat' dir='ltr'>more</span> <span class='ocrx_word' id='word_1_91' title='bbox 890 1085 989 1110; x_wconf 89' lang='lat' dir='ltr'>cum</span> <span class='ocrx_word' id='word_1_92' title='bbox 1012 1069 1184 1110; x_wconf 90' lang='lat' dir='ltr'>ratione</span> <span class='ocrx_word' id='word_1_93' title='bbox 1220 1069 1433 1126; x_wconf 80' lang='lat' dir='ltr'>prudenti</span> <span class='ocrx_word' id='word_1_94' title='bbox 1468 1085 1643 1111; x_wconf 86' lang='lat' dir='ltr'>causam</span> <span class='ocrx_word' id='word_1_95' title='bbox 1678 1069 1794 1127; x_wconf 89' lang='lat' dir='ltr'>paci-</span> 
     </span>
     <span class='ocr_line' id='line_1_14' title="bbox 292 1140 1794 1198; baseline -0.001 -14"><span class='ocrx_word' id='word_1_96' title='bbox 292 1143 452 1184; x_wconf 82' lang='lat' dir='ltr'>ficavit.</span> <span class='ocrx_word' id='word_1_97' title='bbox 490 1143 766 1198; x_wconf 84' lang='lat' dir='ltr'>Semperque</span> <span class='ocrx_word' id='word_1_98' title='bbox 796 1140 878 1182; x_wconf 88' lang='lat' dir='ltr'>suit</span> <span class='ocrx_word' id='word_1_99' title='bbox 910 1157 1138 1182; x_wconf 81' lang='lat' dir='ltr'>servorum</span> <span class='ocrx_word' id='word_1_100' title='bbox 1172 1141 1255 1182; x_wconf 90' lang='lat' dir='ltr'>Dei</span> <span class='ocrx_word' id='word_1_101' title='bbox 1277 1141 1502 1192; x_wconf 88' lang='lat' dir='ltr'>defensor,</span> <span class='ocrx_word' id='word_1_102' title='bbox 1535 1150 1578 1183; x_wconf 90' lang='lat' dir='ltr'>et</span> <span class='ocrx_word' id='word_1_103' title='bbox 1599 1143 1718 1183; x_wconf 88' lang='lat' dir='ltr'>Deus</span> <span class='ocrx_word' id='word_1_104' title='bbox 1754 1141 1794 1183; x_wconf 94' lang='lat' dir='ltr'>ei</span> 
     </span>
     <span class='ocr_line' id='line_1_15' title="bbox 294 1213 1795 1269; baseline -0.001 -13"><span class='ocrx_word' id='word_1_105' title='bbox 294 1215 337 1256; x_wconf 91' lang='lat' dir='ltr'>in</span> <span class='ocrx_word' id='word_1_106' title='bbox 366 1214 572 1255; x_wconf 89' lang='lat' dir='ltr'>omnibus</span> <span class='ocrx_word' id='word_1_107' title='bbox 607 1213 821 1269; x_wconf 84' lang='lat' dir='ltr'>adjutor¹.</span> <span class='ocrx_word' id='word_1_108' title='bbox 858 1214 980 1254; x_wconf 91' lang='lat' dir='ltr'>Tune</span> <span class='ocrx_word' id='word_1_109' title='bbox 1015 1229 1118 1254; x_wconf 87' lang='lat' dir='ltr'>casu</span> <span class='ocrx_word' id='word_1_110' title='bbox 1153 1213 1305 1254; x_wconf 79' lang='lat' dir='ltr'>civitas</span> <span class='ocrx_word' id='word_1_111' title='bbox 1340 1213 1532 1254; x_wconf 80' lang='lat' dir='ltr'>Pictavis</span> <span class='ocrx_word' id='word_1_112' title='bbox 1564 1214 1795 1255; x_wconf 84' lang='lat' dir='ltr'>combusta</span> 
     </span>
     <span class='ocr_line' id='line_1_16' title="bbox 294 1284 1793 1343; baseline -0.001 -15"><span class='ocrx_word' id='word_1_113' title='bbox 294 1296 374 1334; x_wconf 79' lang='lat' dir='ltr'>est,</span> <span class='ocrx_word' id='word_1_114' title='bbox 402 1295 441 1327; x_wconf 89' lang='lat' dir='ltr'>et</span> <span class='ocrx_word' id='word_1_115' title='bbox 460 1286 547 1326; x_wconf 84' lang='lat' dir='ltr'>dux</span> <span class='ocrx_word' id='word_1_116' title='bbox 569 1285 718 1326; x_wconf 88' lang='lat' dir='ltr'>sedem</span> <span class='ocrx_word' id='word_1_117' title='bbox 739 1285 880 1326; x_wconf 89' lang='lat' dir='ltr'>sancti</span> <span class='ocrx_word' id='word_1_118' title='bbox 902 1284 1026 1331; x_wconf 84' lang='lat' dir='ltr'>Petri</span> <span class='ocrx_word' id='word_1_119' title='bbox 1048 1293 1307 1342; x_wconf 87' lang='lat' dir='ltr'>ceterasque</span> <span class='ocrx_word' id='word_1_120' title='bbox 1338 1285 1550 1326; x_wconf 87' lang='lat' dir='ltr'>eeclesias</span> <span class='ocrx_word' id='word_1_121' title='bbox 1577 1300 1793 1343; x_wconf 89' lang='lat' dir='ltr'>suumque</span> 
     </span>
     <span class='ocr_line' id='line_1_17' title="bbox 294 1356 1133 1415; baseline -0.002 -16"><span class='ocrx_word' id='word_1_122' title='bbox 294 1358 505 1415; x_wconf 87' lang='lat' dir='ltr'>palatium</span> <span class='ocrx_word' id='word_1_123' title='bbox 529 1356 686 1413; x_wconf 90' lang='lat' dir='ltr'>majori</span> <span class='ocrx_word' id='word_1_124' title='bbox 709 1356 870 1397; x_wconf 90' lang='lat' dir='ltr'>decore</span> <span class='ocrx_word' id='word_1_125' title='bbox 891 1356 1133 1413; x_wconf 81' lang='lat' dir='ltr'>ampliavit.</span> 
     </span>
    </p>

    <p class='ocr_par' dir='ltr' id='par_1_5' title="bbox 291 1428 1794 2423">
     <span class='ocr_line' id='line_1_18' title="bbox 351 1428 1794 1485; baseline -0.001 -14"><span class='ocrx_word' id='word_1_126' title='bbox 351 1431 422 1474; x_wconf 77' lang='grc'>57.</span> <span class='ocrx_word' id='word_1_127' title='bbox 448 1455 505 1461; x_wconf 90' lang='grc'>-</span> <span class='ocrx_word' id='word_1_128' title='bbox 526 1430 632 1470; x_wconf 88' lang='lat' dir='ltr'>Post</span> <span class='ocrx_word' id='word_1_129' title='bbox 664 1437 851 1470; x_wconf 88' lang='lat' dir='ltr'>mortem</span> <span class='ocrx_word' id='word_1_130' title='bbox 875 1428 1069 1485; x_wconf 88' lang='lat' dir='ltr'>denique</span> <span class='ocrx_word' id='word_1_131' title='bbox 1105 1428 1351 1485; x_wconf 76' lang='lat' dir='ltr'>supradicti</span> <span class='ocrx_word' id='word_1_132' title='bbox 1387 1428 1587 1485; x_wconf 88' lang='lat' dir='ltr'>episcopi</span> <span class='ocrx_word' id='word_1_133' title='bbox 1622 1428 1794 1470; x_wconf 87' lang='lat' dir='ltr'>Giraldi</span> 
     </span>
     <span class='ocr_line' id='line_1_19' title="bbox 292 1499 1793 1558; baseline -0.001 -15"><span class='ocrx_word' id='word_1_134' title='bbox 292 1502 578 1543; x_wconf 75' lang='lat' dir='ltr'>decertabant</span> <span class='ocrx_word' id='word_1_135' title='bbox 614 1500 842 1558; x_wconf 87' lang='lat' dir='ltr'>principes</span> <span class='ocrx_word' id='word_1_136' title='bbox 876 1499 1217 1541; x_wconf 80' lang='lat' dir='ltr'>Lemovieenses</span> <span class='ocrx_word' id='word_1_137' title='bbox 1252 1516 1332 1557; x_wconf 91' lang='lat' dir='ltr'>pro</span> <span class='ocrx_word' id='word_1_138' title='bbox 1373 1499 1650 1557; x_wconf 88' lang='lat' dir='ltr'>episcopatu,</span> <span class='ocrx_word' id='word_1_139' title='bbox 1694 1517 1793 1542; x_wconf 93' lang='lat' dir='ltr'>cum</span> 
     </span>
     <span class='ocr_line' id='line_1_20' title="bbox 293 1571 1793 1630; baseline -0.001 -15"><span class='ocrx_word' id='word_1_140' title='bbox 293 1574 532 1615; x_wconf 87' lang='lat' dir='ltr'>simoniaca</span> <span class='ocrx_word' id='word_1_141' title='bbox 554 1572 703 1615; x_wconf 89' lang='lat' dir='ltr'>heresi</span> <span class='ocrx_word' id='word_1_142' title='bbox 738 1571 1045 1629; x_wconf 87' lang='lat' dir='ltr'>pontificatum</span> <span class='ocrx_word' id='word_1_143' title='bbox 1066 1572 1294 1614; x_wconf 84' lang='lat' dir='ltr'>vindicare</span> <span class='ocrx_word' id='word_1_144' title='bbox 1317 1572 1478 1614; x_wconf 88' lang='lat' dir='ltr'>conati.</span> <span class='ocrx_word' id='word_1_145' title='bbox 1510 1573 1632 1614; x_wconf 88' lang='lat' dir='ltr'>Tune</span> <span class='ocrx_word' id='word_1_146' title='bbox 1655 1588 1793 1630; x_wconf 92' lang='lat' dir='ltr'>popu-</span> 
     </span>
     <span class='ocr_line' id='line_1_21' title="bbox 291 1644 1793 1701; baseline -0.001 -14"><span class='ocrx_word' id='word_1_147' title='bbox 291 1646 358 1687; x_wconf 87' lang='lat' dir='ltr'>lus</span> <span class='ocrx_word' id='word_1_148' title='bbox 386 1645 510 1687; x_wconf 88' lang='lat' dir='ltr'>urbis</span> <span class='ocrx_word' id='word_1_149' title='bbox 533 1644 719 1686; x_wconf 86' lang='lat' dir='ltr'>letanias</span> <span class='ocrx_word' id='word_1_150' title='bbox 754 1660 853 1685; x_wconf 87' lang='lat' dir='ltr'>cum</span> <span class='ocrx_word' id='word_1_151' title='bbox 886 1644 1115 1686; x_wconf 87' lang='lat' dir='ltr'>monachis</span> <span class='ocrx_word' id='word_1_152' title='bbox 1153 1653 1195 1685; x_wconf 90' lang='lat' dir='ltr'>et</span> <span class='ocrx_word' id='word_1_153' title='bbox 1235 1644 1462 1686; x_wconf 86' lang='lat' dir='ltr'>canonicis</span> <span class='ocrx_word' id='word_1_154' title='bbox 1491 1653 1676 1701; x_wconf 89' lang='lat' dir='ltr'>propter</span> <span class='ocrx_word' id='word_1_155' title='bbox 1709 1645 1793 1686; x_wconf 90' lang='lat' dir='ltr'>hoc</span> 
     </span>
     <span class='ocr_line' id='line_1_22' title="bbox 293 1715 1793 1776; baseline -0.001 -18"><span class='ocrx_word' id='word_1_156' title='bbox 293 1716 485 1776; x_wconf 77' lang='lat' dir='ltr'>peregit,</span> <span class='ocrx_word' id='word_1_157' title='bbox 518 1725 559 1757; x_wconf 90' lang='lat' dir='ltr'>et</span> <span class='ocrx_word' id='word_1_158' title='bbox 583 1716 670 1757; x_wconf 79' lang='lat' dir='ltr'>dux</span> <span class='ocrx_word' id='word_1_159' title='bbox 692 1715 1068 1772; x_wconf 88' lang='lat' dir='ltr'>prudentissimus</span> <span class='ocrx_word' id='word_1_160' title='bbox 1098 1731 1196 1756; x_wconf 89' lang='lat' dir='ltr'>cum</span> <span class='ocrx_word' id='word_1_161' title='bbox 1232 1715 1491 1756; x_wconf 88' lang='lat' dir='ltr'>consiliario</span> <span class='ocrx_word' id='word_1_162' title='bbox 1515 1732 1593 1756; x_wconf 89' lang='lat' dir='ltr'>suo</span> <span class='ocrx_word' id='word_1_163' title='bbox 1621 1715 1793 1759; x_wconf 82' lang='lat' dir='ltr'>Willel-</span> 
     </span>
     <span class='ocr_line' id='line_1_23' title="bbox 296 1786 1792 1847; baseline -0.001 -18"><span class='ocrx_word' id='word_1_164' title='bbox 296 1805 381 1837; x_wconf 81' lang='lat' dir='ltr'>mo,</span> <span class='ocrx_word' id='word_1_165' title='bbox 408 1788 567 1829; x_wconf 83' lang='lat' dir='ltr'>comite</span> <span class='ocrx_word' id='word_1_166' title='bbox 590 1787 907 1847; x_wconf 82' lang='lat' dir='ltr'>Egolismensi,</span> <span class='ocrx_word' id='word_1_167' title='bbox 934 1786 1050 1844; x_wconf 90' lang='lat' dir='ltr'>apud</span> <span class='ocrx_word' id='word_1_168' title='bbox 1075 1788 1285 1828; x_wconf 86' lang='lat' dir='ltr'>Sanctum</span> <span class='ocrx_word' id='word_1_169' title='bbox 1322 1787 1556 1828; x_wconf 84' lang='lat' dir='ltr'>Junianum</span> <span class='ocrx_word' id='word_1_170' title='bbox 1580 1786 1792 1844; x_wconf 87' lang='lat' dir='ltr'>placitum</span> 
     </span>
     <span class='ocr_line' id='line_1_24' title="bbox 296 1858 1793 1903; baseline -0.001 -2"><span class='ocrx_word' id='word_1_171' title='bbox 296 1860 449 1902; x_wconf 86' lang='lat' dir='ltr'>habuit</span> <span class='ocrx_word' id='word_1_172' title='bbox 472 1876 524 1901; x_wconf 83' lang='lat' dir='ltr'>ex</span> <span class='ocrx_word' id='word_1_173' title='bbox 551 1860 632 1901; x_wconf 86' lang='lat' dir='ltr'>hac</span> <span class='ocrx_word' id='word_1_174' title='bbox 667 1875 811 1901; x_wconf 86' lang='lat' dir='ltr'>causa.</span> <span class='ocrx_word' id='word_1_175' title='bbox 843 1858 995 1900; x_wconf 82' lang='lat' dir='ltr'>Adfuit</span> <span class='ocrx_word' id='word_1_176' title='bbox 1026 1858 1089 1899; x_wconf 88' lang='lat' dir='ltr'>ibi</span> <span class='ocrx_word' id='word_1_177' title='bbox 1118 1859 1261 1903; x_wconf 58' lang='lat' dir='ltr'>XYido</span> <span class='ocrx_word' id='word_1_178' title='bbox 1295 1858 1541 1899; x_wconf 77' lang='lat' dir='ltr'>vicecomes</span> <span class='ocrx_word' id='word_1_179' title='bbox 1565 1867 1607 1900; x_wconf 90' lang='lat' dir='ltr'>et</span> <span class='ocrx_word' id='word_1_180' title='bbox 1639 1875 1793 1900; x_wconf 91' lang='lat' dir='ltr'>omnes</span> 
     </span>
     <span class='ocr_line' id='line_1_25' title="bbox 295 1929 1793 1990; baseline -0.002 -16"><span class='ocrx_word' id='word_1_181' title='bbox 295 1932 522 1990; x_wconf 84' lang='lat' dir='ltr'>principes</span> <span class='ocrx_word' id='word_1_182' title='bbox 545 1931 946 1973; x_wconf 76' lang='lat' dir='ltr'>Lemovicinorum.</span> <span class='ocrx_word' id='word_1_183' title='bbox 974 1930 1040 1972; x_wconf 89' lang='lat' dir='ltr'>Ibi</span> <span class='ocrx_word' id='word_1_184' title='bbox 1062 1930 1143 1972; x_wconf 92' lang='lat' dir='ltr'>Dei</span> <span class='ocrx_word' id='word_1_185' title='bbox 1172 1939 1281 1971; x_wconf 90' lang='lat' dir='ltr'>nutu</span> <span class='ocrx_word' id='word_1_186' title='bbox 1311 1929 1447 1989; x_wconf 82' lang='lat' dir='ltr'>elegit</span> <span class='ocrx_word' id='word_1_187' title='bbox 1474 1930 1518 1971; x_wconf 91' lang='lat' dir='ltr'>in</span> <span class='ocrx_word' id='word_1_188' title='bbox 1559 1930 1793 1988; x_wconf 87' lang='lat' dir='ltr'>episcopa-</span> 
     </span>
     <span class='ocr_line' id='line_1_26' title="bbox 292 2001 1789 2060; baseline -0.001 -14"><span class='ocrx_word' id='word_1_189' title='bbox 292 2014 362 2046; x_wconf 89' lang='lat' dir='ltr'>tus</span> <span class='ocrx_word' id='word_1_190' title='bbox 385 2005 554 2045; x_wconf 87' lang='lat' dir='ltr'>honore</span> <span class='ocrx_word' id='word_1_191' title='bbox 577 2003 817 2044; x_wconf 82' lang='lat' dir='ltr'>Jordanum</span> <span class='ocrx_word' id='word_1_192' title='bbox 838 2002 1115 2060; x_wconf 90' lang='lat' dir='ltr'>prepositum</span> <span class='ocrx_word' id='word_1_193' title='bbox 1136 2001 1349 2043; x_wconf 85' lang='lat' dir='ltr'>ecclesiae</span> <span class='ocrx_word' id='word_1_194' title='bbox 1374 2001 1516 2043; x_wconf 86' lang='lat' dir='ltr'>sancti</span> <span class='ocrx_word' id='word_1_195' title='bbox 1550 2002 1789 2054; x_wconf 87' lang='lat' dir='ltr'>Leonardi,</span> 
     </span>
     <span class='ocr_line' id='line_1_27' title="bbox 294 2074 1791 2136; baseline -0.001 -19"><span class='ocrx_word' id='word_1_196' title='bbox 294 2092 477 2136; x_wconf 83' lang='lat' dir='ltr'>magnae</span> <span class='ocrx_word' id='word_1_197' title='bbox 517 2075 764 2116; x_wconf 87' lang='lat' dir='ltr'>nobilitatis</span> <span class='ocrx_word' id='word_1_198' title='bbox 817 2084 860 2116; x_wconf 89' lang='lat' dir='ltr'>et</span> <span class='ocrx_word' id='word_1_199' title='bbox 891 2074 1190 2132; x_wconf 88' lang='lat' dir='ltr'>simplicitatis</span> <span class='ocrx_word' id='word_1_200' title='bbox 1218 2074 1377 2115; x_wconf 81' lang='lat' dir='ltr'>virum.</span> <span class='ocrx_word' id='word_1_201' title='bbox 1425 2075 1623 2134; x_wconf 84' lang='lat' dir='ltr'>Surgens</span> <span class='ocrx_word' id='word_1_202' title='bbox 1664 2090 1791 2115; x_wconf 88' lang='lat' dir='ltr'>mane</span> 
     </span>
     <span class='ocr_line' id='line_1_28' title="bbox 293 2145 1791 2203; baseline -0.001 -14"><span class='ocrx_word' id='word_1_203' title='bbox 293 2148 380 2190; x_wconf 79' lang='lat' dir='ltr'>dux</span> <span class='ocrx_word' id='word_1_204' title='bbox 417 2164 438 2189; x_wconf 89' lang='lat' dir='ltr'>a</span> <span class='ocrx_word' id='word_1_205' title='bbox 470 2147 740 2189; x_wconf 82' lang='lat' dir='ltr'>monasterio</span> <span class='ocrx_word' id='word_1_206' title='bbox 783 2146 935 2189; x_wconf 86' lang='lat' dir='ltr'>Sancti</span> <span class='ocrx_word' id='word_1_207' title='bbox 977 2146 1169 2197; x_wconf 80' lang='lat' dir='ltr'>Juniani,</span> <span class='ocrx_word' id='word_1_208' title='bbox 1214 2163 1313 2188; x_wconf 92' lang='lat' dir='ltr'>cum</span> <span class='ocrx_word' id='word_1_209' title='bbox 1360 2145 1532 2188; x_wconf 86' lang='lat' dir='ltr'>duobus</span> <span class='ocrx_word' id='word_1_210' title='bbox 1568 2145 1791 2203; x_wconf 90' lang='lat' dir='ltr'>episcopis</span> 
     </span>
     <span class='ocr_line' id='line_1_29' title="bbox 294 2217 1792 2276; baseline -0.002 -14"><span class='ocrx_word' id='word_1_211' title='bbox 294 2221 439 2263; x_wconf 84' lang='lat' dir='ltr'>Islone</span> <span class='ocrx_word' id='word_1_212' title='bbox 478 2229 520 2262; x_wconf 91' lang='lat' dir='ltr'>et</span> <span class='ocrx_word' id='word_1_213' title='bbox 555 2219 790 2261; x_wconf 87' lang='lat' dir='ltr'>Isimberto</span> <span class='ocrx_word' id='word_1_214' title='bbox 829 2228 871 2261; x_wconf 89' lang='lat' dir='ltr'>et</span> <span class='ocrx_word' id='word_1_215' title='bbox 906 2219 1188 2261; x_wconf 88' lang='lat' dir='ltr'>multitudine</span> <span class='ocrx_word' id='word_1_216' title='bbox 1230 2219 1485 2276; x_wconf 91' lang='lat' dir='ltr'>principum</span> <span class='ocrx_word' id='word_1_217' title='bbox 1526 2218 1705 2260; x_wconf 79' lang='lat' dir='ltr'>devenit</span> <span class='ocrx_word' id='word_1_218' title='bbox 1739 2217 1792 2259; x_wconf 90' lang='lat' dir='ltr'>ad</span> 
     </span>
     <span class='ocr_line' id='line_1_30' title="bbox 294 2290 1792 2348; baseline -0.001 -14"><span class='ocrx_word' id='word_1_219' title='bbox 294 2294 449 2335; x_wconf 85' lang='lat' dir='ltr'>urbem</span> <span class='ocrx_word' id='word_1_220' title='bbox 473 2292 589 2334; x_wconf 88' lang='lat' dir='ltr'>circa</span> <span class='ocrx_word' id='word_1_221' title='bbox 612 2293 765 2333; x_wconf 89' lang='lat' dir='ltr'>horam</span> <span class='ocrx_word' id='word_1_222' title='bbox 790 2301 972 2333; x_wconf 78' lang='lat' dir='ltr'>sextam.</span> <span class='ocrx_word' id='word_1_223' title='bbox 1000 2292 1081 2333; x_wconf 89' lang='lat' dir='ltr'>Cui</span> <span class='ocrx_word' id='word_1_224' title='bbox 1103 2291 1276 2332; x_wconf 85' lang='lat' dir='ltr'>obviam</span> <span class='ocrx_word' id='word_1_225' title='bbox 1312 2290 1532 2348; x_wconf 87' lang='lat' dir='ltr'>processit</span> <span class='ocrx_word' id='word_1_226' title='bbox 1560 2290 1704 2332; x_wconf 90' lang='lat' dir='ltr'>omnis</span> <span class='ocrx_word' id='word_1_227' title='bbox 1735 2290 1792 2332; x_wconf 90' lang='lat' dir='ltr'>ci-</span> 
     </span>
     <span class='ocr_line' id='line_1_31' title="bbox 294 2363 1791 2424; baseline -0.001 -19"><span class='ocrx_word' id='word_1_228' title='bbox 294 2364 403 2405; x_wconf 68' lang='lat' dir='ltr'>vitas</span> <span class='ocrx_word' id='word_1_229' title='bbox 428 2364 641 2424; x_wconf 65' lang='lat' dir='ltr'>gaudem,</span> <span class='ocrx_word' id='word_1_230' title='bbox 674 2373 716 2405; x_wconf 91' lang='lat' dir='ltr'>et</span> <span class='ocrx_word' id='word_1_231' title='bbox 739 2380 839 2405; x_wconf 82' lang='lat' dir='ltr'>mox</span> <span class='ocrx_word' id='word_1_232' title='bbox 866 2372 1076 2421; x_wconf 87' lang='lat' dir='ltr'>properat</span> <span class='ocrx_word' id='word_1_233' title='bbox 1105 2363 1159 2404; x_wconf 86' lang='lat' dir='ltr'>ad</span> <span class='ocrx_word' id='word_1_234' title='bbox 1186 2363 1415 2404; x_wconf 83' lang='lat' dir='ltr'>basilicam</span> <span class='ocrx_word' id='word_1_235' title='bbox 1445 2363 1687 2423; x_wconf 80' lang='lat' dir='ltr'>regalem⁴‚</span> <span class='ocrx_word' id='word_1_236' title='bbox 1725 2378 1791 2404; x_wconf 90' lang='lat' dir='ltr'>re-</span> 
     </span>
    </p>

    <p class='ocr_par' dir='ltr' id='par_1_6' title="bbox 295 2475 1814 2684">
     <span class='ocr_line' id='line_1_32' title="bbox 334 2475 1789 2523; baseline -0.001 -15.998"><span class='ocrx_word' id='word_1_237' title='bbox 334 2478 360 2517; x_wconf 74' lang='lat' dir='ltr'>j)</span> <span class='ocrx_word' id='word_1_238' title='bbox 387 2477 436 2507; x_wconf 81' lang='lat' dir='ltr'>Ici</span> <span class='ocrx_word' id='word_1_239' title='bbox 466 2478 491 2507; x_wconf 90' lang='lat' dir='ltr'><em>C</em></span> <span class='ocrx_word' id='word_1_240' title='bbox 526 2477 658 2523; x_wconf 71' lang='lat' dir='ltr'>ajonle:</span> <span class='ocrx_word' id='word_1_241' title='bbox 689 2478 823 2507; x_wconf 80' lang='lat' dir='ltr'>Interea</span> <span class='ocrx_word' id='word_1_242' title='bbox 853 2481 959 2517; x_wconf 85' lang='lat' dir='ltr'>caput</span> <span class='ocrx_word' id='word_1_243' title='bbox 997 2476 1176 2515; x_wconf 76' lang='lat' dir='ltr'>retinetur,</span> <span class='ocrx_word' id='word_1_244' title='bbox 1205 2488 1241 2506; x_wconf 84' lang='lat' dir='ltr'>ce</span> <span class='ocrx_word' id='word_1_245' title='bbox 1280 2476 1339 2517; x_wconf 76' lang='lat' dir='ltr'>qui</span> <span class='ocrx_word' id='word_1_246' title='bbox 1376 2480 1426 2506; x_wconf 77' lang='lat' dir='ltr'>est</span> <span class='ocrx_word' id='word_1_247' title='bbox 1456 2476 1536 2518; x_wconf 85' lang='lat' dir='ltr'>plus</span> <span class='ocrx_word' id='word_1_248' title='bbox 1560 2475 1630 2507; x_wconf 84' lang='lat' dir='ltr'>loin</span> <span class='ocrx_word' id='word_1_249' title='bbox 1664 2486 1708 2506; x_wconf 84' lang='grc' dir='ltr'>αιι</span> <span class='ocrx_word' id='word_1_250' title='bbox 1739 2475 1789 2507; x_wconf 80' lang='lat' dir='ltr'>elz.</span> 
     </span>
     <span class='ocr_line' id='line_1_33' title="bbox 295 2517 1792 2559; baseline -0.001 -9"><span class='ocrx_word' id='word_1_251' title='bbox 295 2523 345 2552; x_wconf 84' lang='grc'><strong>58</strong></span> <span class='ocrx_word' id='word_1_252' title='bbox 379 2522 409 2548; x_wconf 76' lang='lat' dir='ltr'>et</span> <span class='ocrx_word' id='word_1_253' title='bbox 437 2518 1072 2559; x_wconf 66' lang='grc' dir='ltr'><strong>Ι)οιιι’31ιι’ί;Ρ11311115’1111οω53103</strong></span> <span class='ocrx_word' id='word_1_254' title='bbox 1095 2519 1328 2559; x_wconf 68' lang='lat' dir='ltr'>supcrxestita</span> <span class='ocrx_word' id='word_1_255' title='bbox 1363 2522 1414 2549; x_wconf 82' lang='lat' dir='ltr'>est</span> <span class='ocrx_word' id='word_1_256' title='bbox 1449 2529 1488 2548; x_wconf 86' lang='lat' dir='ltr'>ex</span> <span class='ocrx_word' id='word_1_257' title='bbox 1520 2517 1650 2549; x_wconf 79' lang='lat' dir='ltr'>tabulis</span> <span class='ocrx_word' id='word_1_258' title='bbox 1666 2517 1792 2559; x_wconf 82' lang='lat' dir='ltr'>ligneis</span> 
     </span>
     <span class='ocr_line' id='line_1_34' title="bbox 296 2542 1794 2601; baseline 0 -11"><span class='ocrx_word' id='word_1_259' title='bbox 296 2561 533 2599; x_wconf 68' lang='lat' dir='ltr'>deargentatis</span> <span class='ocrx_word' id='word_1_260' title='bbox 576 2560 739 2600; x_wconf 85' lang='lat' dir='ltr'>undique</span> <span class='ocrx_word' id='word_1_261' title='bbox 775 2571 814 2590; x_wconf 85' lang='lat' dir='ltr'>cx</span> <span class='ocrx_word' id='word_1_262' title='bbox 852 2542 1026 2590; x_wconf 81' lang='lat' dir='ltr'>oblatione</span> <span class='ocrx_word' id='word_1_263' title='bbox 1058 2560 1190 2600; x_wconf 77' lang='lat' dir='ltr'>copiosi</span> <span class='ocrx_word' id='word_1_264' title='bbox 1218 2560 1355 2600; x_wconf 82' lang='lat' dir='ltr'>argenti</span> <span class='ocrx_word' id='word_1_265' title='bbox 1386 2561 1478 2601; x_wconf 88' lang='lat' dir='ltr'>quod</span> <span class='ocrx_word' id='word_1_266' title='bbox 1519 2571 1579 2591; x_wconf 83' lang='lat' dir='ltr'>rex</span> <span class='ocrx_word' id='word_1_267' title='bbox 1614 2560 1794 2591; x_wconf 82' lang='lat' dir='ltr'>Navarrae</span> 
     </span>
     <span class='ocr_line' id='line_1_35' title="bbox 297 2600 1814 2649; baseline -0.001 -16"><span class='ocrx_word' id='word_1_268' title='bbox 297 2600 442 2633; x_wconf 80' lang='lat' dir='ltr'>Saucius</span> <span class='ocrx_word' id='word_1_269' title='bbox 465 2602 590 2632; x_wconf 87' lang='lat' dir='ltr'>obtulit</span> <span class='ocrx_word' id='word_1_270' title='bbox 612 2602 713 2632; x_wconf 83' lang='lat' dir='ltr'>beato</span> <span class='ocrx_word' id='word_1_271' title='bbox 738 2613 792 2642; x_wconf 87' lang='lat' dir='ltr'>pr</span> <span class='ocrx_word' id='word_1_272' title='bbox 783 2613 974 2633; x_wconf 61' lang='lat' dir='ltr'>iecursori</span> <span class='ocrx_word' id='word_1_273' title='bbox 1000 2602 1159 2637; x_wconf 85' lang='lat' dir='ltr'>Quodam</span> <span class='ocrx_word' id='word_1_274' title='bbox 1188 2613 1268 2632; x_wconf 66' lang='lat' dir='ltr'>xero</span> <span class='ocrx_word' id='word_1_275' title='bbox 1302 2607 1458 2643; x_wconf 88' lang='lat' dir='ltr'>tempore</span> <span class='ocrx_word' id='word_1_276' title='bbox 1493 2606 1683 2649; x_wconf 80' lang='lat' dir='ltr'>postquam</span> <span class='ocrx_word' id='word_1_277' title='bbox 1706 2602 1814 2638; x_wconf 51' lang='lat' dir='ltr'>haec,</span> 
     </span>
     <span class='ocr_line' id='line_1_36' title="bbox 295 2643 1792 2684; baseline -0.001 -9.999"><span class='ocrx_word' id='word_1_278' title='bbox 295 2649 371 2674; x_wconf 85' lang='lat' dir='ltr'>acta</span> <span class='ocrx_word' id='word_1_279' title='bbox 398 2648 477 2674; x_wconf 86' lang='lat' dir='ltr'>sunt</span> <span class='ocrx_word' id='word_1_280' title='bbox 508 2643 690 2684; x_wconf 79' lang='lat' dir='ltr'>contingit.</span> <span class='ocrx_word' id='word_1_281' title='bbox 714 2661 754 2666; x_wconf 88' lang='lat'>-—</span> <span class='ocrx_word' id='word_1_282' title='bbox 788 2644 819 2681; x_wconf 80' lang='lat' dir='ltr'>k)</span> <span class='ocrx_word' id='word_1_283' title='bbox 851 2644 1101 2673; x_wconf 82' lang='lat' dir='ltr'>monachorum</span> <span class='ocrx_word' id='word_1_284' title='bbox 1140 2648 1300 2674; x_wconf 83' lang='lat' dir='ltr'>senatum</span> <span class='ocrx_word' id='word_1_285' title='bbox 1334 2644 1443 2674; x_wconf 84' lang='lat' dir='ltr'>eicere</span> <span class='ocrx_word' id='word_1_286' title='bbox 1479 2649 1512 2675; x_wconf 87' lang='lat' dir='ltr'>et</span> <span class='ocrx_word' id='word_1_287' title='bbox 1545 2654 1792 2674; x_wconf 79' lang='lat' dir='ltr'>canonicorum</span> 
     </span>
    </p>
   </div>
   <div class='ocr_carea' id='block_1_5' title="bbox 295 2685 1791 2768">
    <p class='ocr_par' dir='ltr' id='par_1_7' title="bbox 295 2685 1791 2768">
     <span class='ocr_line' id='line_1_37' title="bbox 296 2685 1791 2727; baseline 0 -12"><span class='ocrx_word' id='word_1_288' title='bbox 296 2687 469 2716; x_wconf 75' lang='lat' dir='ltr'>fmitatem</span> <span class='ocrx_word' id='word_1_289' title='bbox 493 2685 622 2716; x_wconf 86' lang='lat' dir='ltr'>ibidem</span> <span class='ocrx_word' id='word_1_290' title='bbox 650 2685 823 2715; x_wconf 87' lang='lat' dir='ltr'>inmittere</span> <span class='ocrx_word' id='word_1_291' title='bbox 846 2685 883 2716; x_wconf 91' lang='lat' dir='ltr'>C.</span> <span class='ocrx_word' id='word_1_292' title='bbox 919 2703 958 2707; x_wconf 93' lang='lat'>—-</span> <span class='ocrx_word' id='word_1_293' title='bbox 980 2686 1004 2726; x_wconf 88' lang='lat' dir='ltr'>l)</span> <span class='ocrx_word' id='word_1_294' title='bbox 1030 2686 1080 2716; x_wconf 78' lang='grc' dir='ltr'>[σι’</span> <span class='ocrx_word' id='word_1_295' title='bbox 1112 2685 1135 2715; x_wconf 94' lang='lat' dir='ltr'><em>C</em></span> <span class='ocrx_word' id='word_1_296' title='bbox 1161 2685 1299 2726; x_wconf 74' lang='lat' dir='ltr'>ajxoute</span> <span class='ocrx_word' id='word_1_297' title='bbox 1318 2685 1379 2716; x_wconf 85' lang='lat' dir='ltr'>His</span> <span class='ocrx_word' id='word_1_298' title='bbox 1400 2685 1619 2727; x_wconf 86' lang='lat' dir='ltr'>temporibus</span> <span class='ocrx_word' id='word_1_299' title='bbox 1641 2689 1791 2716; x_wconf 85' lang='lat' dir='ltr'>cometes</span> 
     </span>
     <span class='ocr_line' id='line_1_38' title="bbox 295 2726 918 2768; baseline 0 -10"><span class='ocrx_word' id='word_1_300' title='bbox 295 2727 487 2765; x_wconf 68' lang='lat' dir='ltr'>dexoraxit</span> <span class='ocrx_word' id='word_1_301' title='bbox 510 2738 545 2757; x_wconf 87' lang='lat' dir='ltr'>ce</span> <span class='ocrx_word' id='word_1_302' title='bbox 567 2727 626 2768; x_wconf 77' lang='lat' dir='ltr'>qui</span> <span class='ocrx_word' id='word_1_303' title='bbox 654 2729 703 2757; x_wconf 81' lang='lat' dir='ltr'>est</span> <span class='ocrx_word' id='word_1_304' title='bbox 724 2737 769 2756; x_wconf 81' lang='grc' dir='ltr'>αιι</span> <span class='ocrx_word' id='word_1_305' title='bbox 793 2726 841 2756; x_wconf 86' lang='lat' dir='ltr'>clz.</span> <span class='ocrx_word' id='word_1_306' title='bbox 866 2730 918 2758; x_wconf 84' lang='lat'>58.</span> 
     </span>
    </p>
   </div>
   <div class='ocr_carea' id='block_1_6' title="bbox 297 2803 1774 2811">
    <p class='ocr_par' dir='ltr' id='par_1_8' title="bbox 297 2803 1774 2811">
     <span class='ocr_line' id='line_1_39' title="bbox 297 2803 1774 2811; baseline 0 0"><span class='ocrx_word' id='word_1_307' title='bbox 297 2803 1774 2811; x_wconf 95' lang='lat' dir='ltr'> </span> 
     </span>
    </p>
   </div>
   <div class='ocr_carea' id='block_1_7' title="bbox 337 2850 594 2883">
    <p class='ocr_par' dir='ltr' id='par_1_9' title="bbox 337 2850 594 2883">
     <span class='ocr_line' id='line_1_40' title="bbox 337 2850 594 2883; baseline 0 -2"><span class='ocrx_word' id='word_1_308' title='bbox 337 2853 364 2883; x_wconf 88' lang='lat'>1.</span> <span class='ocrx_word' id='word_1_309' title='bbox 390 2850 594 2881; x_wconf 80' lang='lat' dir='ltr'>St-Martial.</span> 
     </span>
    </p>
   </div>
  </div>
 </body>
</html>
