1908 3256
319 285 367 321 ’.ω
838 293 1021 318 Ani-:simu
1057 292 1295 316 cunoxutox

320 395 408 423 suut
435 387 479 422 ad
507 386 673 436 patriam
701 384 1029 421 suamMalulsus
1049 384 1199 434 itaque,
1227 382 1547 421 Silvanectensis
1578 384 1814 435 episcopus,

320 455 386 505 qui
412 455 449 491 iu
475 455 564 506 ipso
588 454 736 506 palatio
760 462 852 492 tunc
875 454 1027 497 aderat,
1048 453 1367 489 ind11t11111eun1>'
1391 453 1574 489 vestibus
1592 453 1813 504 regalibus.

322 526 358 561 iu
402 524 491 561 navi
534 524 723 567 levatum,
778 536 866 560 cum
909 522 1070 573 hymnis
1113 520 1374 572 psallentium
1415 534 1503 559 cum
1546 521 1816 574 Fredegund‹·

323 605 493 643 nequam
516 591 659 628 ancilla
682 591 823 642 regina
851 591 913 627 vel
950 590 1109 641 reliquo
1144 590 1323 627 exercitu
1360 589 1545 627 Parisius
1583 591 1742 628 civitate
1777 592 1814 629 in

323 659 487 696 basilica
511 657 646 695 Sancti
676 657 877 694 Vincentii
916 657 1105 707 martyris
1143 656 1408 707 sepelierunt.
1448 656 1650 708 Regnavit
1686 665 1815 695 autem

322 728 437 764 annis
461 740 580 764 xxm.
608 727 891 778 Fredegundis
916 735 1046 763 autem
1070 739 1159 762 cum
1184 725 1364 763 Clotario
1395 739 1491 777 rege
1526 725 1711 777 parvulo,
1736 726 1817 763 filio

323 808 410 834 suo,
436 802 473 830 et
508 792 723 838 Landrico,
761 806 879 844 quem
917 791 1108 843 majorem
1145 792 1289 829 domus
1326 791 1465 843 palatii
1509 792 1735 843 elegerunt,
1779 792 1818 829 iu

324 876 449 914 regno
472 862 637 899 resedit.
665 861 809 898 Franci
833 875 995 912 quoque
1018 861 1245 912 predictum
1271 860 1494 898 Clotarium
1514 875 1651 913 regem
1675 875 1819 914 parvu-

325 930 403 966 lum
430 942 556 980 super
578 942 621 965 se
644 929 683 965 in
705 941 834 979 regno
864 935 1104 965 statuerunt.

376 1001 439 1035 35.
455 1021 505 1025 ——
528 997 710 1034 Audiens
734 1006 864 1034 autem
889 996 1176 1033 Childebertus
1198 1009 1269 1033 rex
1291 995 1456 1041 Auster,
1475 996 1580 1034 filius
1599 996 1818 1049 Sigeberti,

326 1077 452 1114 nepos
478 1062 715 1113 Chilperici‚
741 1062 984 1100 avunculum
1007 1076 1123 1099 suum
1147 1070 1348 1099 mortuum
1371 1071 1408 1100 et
1444 1062 1638 1100 maleficia
1674 1062 1819 1100 Frede-

325 1132 489 1183 gundis,
528 1131 683 1169 hostem
720 1131 897 1182 collegit.
936 1130 1034 1167 Nam
1070 1131 1259 1168 defuncto
1300 1131 1483 1182 patruele
1524 1145 1612 1177 suo,
1649 1145 1818 1182 regnum

326 1198 565 1250 Burgundie
587 1198 677 1248 ipse
707 1206 932 1248 acceperat.
972 1196 1292 1247 Burgundiones
1323 1206 1359 1235 et
1393 1197 1599 1235 Austrasii
1633 1197 1820 1248 superio-

326 1280 473 1319 resque
499 1267 658 1312 Franci,
686 1267 804 1304 simul
839 1267 1027 1304 commoti
1065 1280 1153 1304 cum
1189 1268 1333 1318 grandi
1370 1267 1564 1312 exercitu,
1599 1267 1715 1304 valde
1749 1279 1822 1317 per

328 1333 572 1384 Campanias
608 1333 802 1384 digressi,
840 1346 988 1384 pagum
1032 1332 1340 1371 Suessionicum
1383 1347 1472 1371 cum
1507 1332 1750 1370 Gundoaldo
1786 1341 1819 1369 et

327 1402 565 1439 XYintrione
602 1401 775 1454 patriam
798 1410 1004 1439 vastantes
1029 1402 1329 1454 ingrediuntur.
1356 1402 1441 1439 Hec
1464 1402 1633 1440 audiens
1670 1401 1822 1439 Frede-

327 1468 495 1519 gundis‚
521 1482 610 1505 cum
650 1468 852 1505 Landrico
888 1476 925 1504 ct
960 1467 1130 1518 reliquis
1169 1467 1417 1505 Francorum
1453 1467 1625 1505 ducibus
1667 1467 1822 1505 hostem

329 1546 570 1588 congregat,
619 1537 839 1574 Brinacum
873 1537 1043 1574 veniens
1088 1536 1241 1582 villam,
1290 1536 1414 1574 multa
1447 1537 1553 1574 dona
1587 1545 1624 1574 et
1657 1550 1823 1574 munera

333 1603 498 1640 Francis
534 1603 660 1647 dedit,
699 1602 916 1640 exhortans
953 1617 1022 1639 eos
1063 1605 1111 1641 ad
1151 1605 1416 1656 pugnandum
1457 1611 1597 1649 contra
1637 1603 1822 1640 inimicos

329 1686 482 1709 eorum.
510 1672 611 1710 Cum
635 1680 766 1709 autem
789 1672 1001 1710 didicisset
1025 1674 1134 1724 quod
1169 1673 1317 1710 nimius
1342 1681 1451 1710 esset
1473 1672 1675 1710 exercitus
1715 1671 1824 1710 Aus-

329 1738 803 1783 trasiorum,consiliun1
832 1738 942 1776 dedit
966 1738 1134 1776 Francis
1172 1739 1241 1790 qui
1276 1752 1366 1776 curn
1401 1751 1447 1776 ea
1480 1747 1607 1783 erant,
1646 1739 1786 1776 dicens
1813 1754 1819 1775 ε

333 1822 347 1839 <‹
384 1805 443 1843 De
466 1815 583 1844 nocte
606 1820 902 1858 consurgamus
927 1808 975 1844 ad
998 1821 1067 1844 eos
1091 1821 1180 1845 cum
1202 1808 1397 1846 lucernis.
1426 1807 1596 1846 Portent
1632 1808 1732 1845 socii
1755 1808 1823 1859 qui

333 1890 345 1906 «ι
384 1886 456 1909 nos
480 1874 701 1923 precedant
722 1886 856 1910 ramos
881 1874 1074 1911 silvarum
1097 1874 1137 1911 in
1167 1875 1369 1921 manibus,
1393 1874 1677 1912 tintinnabulis
1700 1887 1826 1925 super

333 1958 348 1974 α
385 1954 512 1991 equos
537 1941 688 1992 ligatis,
710 1950 750 1978 ut
773 1955 847 1978 nos
872 1956 1124 1992 cognoscere
1146 1943 1331 1994 ipsorum
1346 1943 1493 1995 vigiles
1530 1943 1721 1980 custodes
1744 1956 1824 1980 non

333 2022 348 2039 α
385 2015 547 2057 queant.
576 2006 854 2045 Inlucescente
878 2008 993 2045 initio
1015 2008 1111 2054 diei,
1136 2009 1338 2046 irruamus
1363 2022 1488 2060 super
1509 2022 1578 2046 eos
1596 2016 1634 2046 et
1655 2008 1823 2046 forsitan

333 2093 347 2109 α
384 2088 452 2112 eos
476 2076 737 2113 devincemus
756 2083 781 2113 ⁷¹.
806 2093 820 2111 »
848 2077 1087 2128 Placuitque
1123 2078 1181 2114 eis
1205 2077 1279 2115 hoc
1302 2077 1532 2115 consilium.
1569 2076 1671 2114 Cum
1693 2086 1824 2115 autem

331 2141 615 2178 denunciatum
651 2142 795 2179 fuisset
830 2142 1037 2193 placitum,
1073 2156 1151 2194 qua
1185 2143 1249 2180 die
1290 2144 1339 2180 ad
1372 2143 1628 2195 preliandum
1659 2143 1700 2180 in
1735 2143 1824 2180 loco

332 2218 588 2261 nuncupante
608 2210 769 2256 Trucia,
794 2211 834 2248 in
854 2224 959 2262 pago
977 2210 1257 2257 suessionico,
1283 2212 1500 2250 convenire
1523 2213 1733 2258 deberent,
1757 2212 1823 2249 illa

331 2278 434 2315 sicut
453 2278 666 2315 consilium
690 2280 857 2316 dederat
878 2280 926 2316 de
950 2289 1066 2317 nocte
1088 2294 1343 2332 consurgens
1366 2294 1454 2318 cum
1471 2294 1675 2317 armorum
1697 2294 1824 2332 appa-

331 2354 417 2383 ratu
441 2360 528 2384 cum
548 2348 670 2384 ramis
695 2348 734 2384 in
758 2348 944 2385 manibus
978 2349 1041 2385 vel
1078 2349 1248 2400 reliquis
1284 2363 1361 2400 que
1399 2349 1590 2400 superius
1631 2349 1822 2390 diximus.

331 2416 513 2453 ascensis
534 2417 650 2467 equis
667 2422 695 2462 ³,
723 2415 944 2455 Clotarium
968 2418 1180 2469 parvulum
1204 2432 1342 2469 regem
1362 2419 1402 2455 in
1424 2418 1601 2456 brachiis
1622 2418 1822 2460 vehitans.

333 2498 463 2536 usque
485 2485 673 2522 Truciam
697 2495 986 2537 pervenerunt.
1013 2487 1113 2524 Cum
1137 2495 1268 2524 autem
1292 2489 1483 2525 custodes
1505 2487 1682 2525 hostium
1716 2487 1825 2525 Aus-

331 2554 553 2592 trasionum
577 2568 709 2592 ramos
731 2555 922 2593 silvarum
946 2556 1062 2607 quasi
1087 2556 1125 2592 in
1149 2556 1334 2593 manibus
1376 2556 1582 2608 agminum
1599 2555 1614 2578 ¹³
1647 2557 1826 2603 Franco-

332 2635 419 2660 rum
443 2632 671 2667 cernerent,
696 2632 733 2660 et
755 2624 943 2661 tinnitum
962 2623 1327 2662 tintinnabulorum
1345 2624 1547 2667 audirent,
1573 2625 1673 2663 dixit
1692 2626 1756 2663 vir
1777 2625 1825 2662 ad

372 2771 404 2798 y)
420 2801 424 2805 ι
439 2760 616 2830 regngl‘*⁵
641 2760 679 2790 G.
709 2779 749 2782 -—
775 2764 804 2799 zJ:
839 2761 1053 2791 devincimus
1089 2764 1123 2791 A.
1153 2781 1193 2783 —
1214 2775 1245 2801 a)
1275 2763 1449 2803 equitibus
1472 2764 1508 2792 A.
1531 2781 1571 2784 —
1591 2762 1626 2803 b)
1649 2762 1824 2793 montibus

334 2811 471 2838 agmine
524 2826 528 2830 .
585 2826 588 2830 .
