<?xml version="1.0" encoding="UTF-8"?>
<!DOCTYPE html PUBLIC "-//W3C//DTD XHTML 1.0 Transitional//EN"
    "http://www.w3.org/TR/xhtml1/DTD/xhtml1-transitional.dtd">
<html xmlns="http://www.w3.org/1999/xhtml" xml:lang="en" lang="en">
 <head>
  <title>
</title>
<meta http-equiv="Content-Type" content="text/html;charset=utf-8" />
  <meta name='ocr-system' content='tesseract 3.04.00' />
  <meta name='ocr-capabilities' content='ocr_page ocr_carea ocr_par ocr_line ocrx_word'/>
</head>
<body>
  <div class='ocr_page' id='page_1' title='image "./chronique00aduoft_0061.png"; bbox 0 0 1908 3256; ppageno 0'>
   <div class='ocr_carea' id='block_1_1' title="bbox 360 474 1274 540">
    <p class='ocr_par' dir='ltr' id='par_1_1' title="bbox 360 474 1274 540">
     <span class='ocr_line' id='line_1_1' title="bbox 360 474 1274 540; baseline 0.008 -7"><span class='ocrx_word' id='word_1_1' title='bbox 360 474 731 535; x_wconf 76' lang='lat' dir='ltr'><strong>ADEMARI</strong></span> <span class='ocrx_word' id='word_1_2' title='bbox 787 475 1274 540; x_wconf 78' lang='lat' dir='ltr'>CHRONICON</span> 
     </span>
    </p>
   </div>
   <div class='ocr_carea' id='block_1_2' title="bbox 57 845 1561 2655">
    <p class='ocr_par' dir='ltr' id='par_1_2' title="bbox 57 845 1561 2005">
     <span class='ocr_line' id='line_1_2' title="bbox 120 845 1561 898; baseline 0.001 -15"><span class='ocrx_word' id='word_1_3' title='bbox 120 848 154 884; x_wconf 90' lang='lat'>1.</span> <span class='ocrx_word' id='word_1_4' title='bbox 191 868 243 873; x_wconf 91' lang='lat'>—</span> <span class='ocrx_word' id='word_1_5' title='bbox 280 845 536 896; x_wconf 87' lang='lat' dir='ltr'>Principium</span> <span class='ocrx_word' id='word_1_6' title='bbox 571 845 688 896; x_wconf 85' lang='lat' dir='ltr'>regni</span> <span class='ocrx_word' id='word_1_7' title='bbox 722 845 972 882; x_wconf 83' lang='lat' dir='ltr'>Francorum</span> <span class='ocrx_word' id='word_1_8' title='bbox 1008 860 1231 897; x_wconf 81' lang='lat' dir='ltr'>eorumque</span> <span class='ocrx_word' id='word_1_9' title='bbox 1262 847 1463 898; x_wconf 79' lang='lat' dir='ltr'>originem</span> <span class='ocrx_word' id='word_1_10' title='bbox 1499 850 1561 885; x_wconf 71' lang='lat' dir='ltr'>vel</span> 
     </span>
     <span class='ocr_line' id='line_1_3' title="bbox 64 910 1560 963; baseline 0.003 -16"><span class='ocrx_word' id='word_1_11' title='bbox 64 911 245 962; x_wconf 85' lang='lat' dir='ltr'>gentium</span> <span class='ocrx_word' id='word_1_12' title='bbox 264 910 441 956; x_wconf 82' lang='lat' dir='ltr'>illarum,</span> <span class='ocrx_word' id='word_1_13' title='bbox 463 924 507 948; x_wconf 86' lang='lat' dir='ltr'>ac</span> <span class='ocrx_word' id='word_1_14' title='bbox 522 920 638 962; x_wconf 85' lang='lat' dir='ltr'>gesta</span> <span class='ocrx_word' id='word_1_15' title='bbox 654 912 927 961; x_wconf 83' lang='lat' dir='ltr'>proferamus.</span> <span class='ocrx_word' id='word_1_16' title='bbox 947 910 1022 948; x_wconf 81' lang='lat' dir='ltr'>Est</span> <span class='ocrx_word' id='word_1_17' title='bbox 1043 921 1173 949; x_wconf 79' lang='lat' dir='ltr'>autem</span> <span class='ocrx_word' id='word_1_18' title='bbox 1191 913 1231 948; x_wconf 90' lang='lat' dir='ltr'>iu</span> <span class='ocrx_word' id='word_1_19' title='bbox 1250 911 1347 949; x_wconf 76' lang='lat' dir='ltr'>Asia</span> <span class='ocrx_word' id='word_1_20' title='bbox 1366 914 1560 963; x_wconf 81' lang='lat' dir='ltr'>oppidum</span> 
     </span>
     <span class='ocr_line' id='line_1_4' title="bbox 65 974 1559 1027; baseline 0.002 -15"><span class='ocrx_word' id='word_1_21' title='bbox 65 974 336 1027; x_wconf 88' lang='lat' dir='ltr'>Trojanorum</span> <span class='ocrx_word' id='word_1_22' title='bbox 356 976 426 1012; x_wconf 89' lang='lat' dir='ltr'>ubi</span> <span class='ocrx_word' id='word_1_23' title='bbox 446 984 507 1013; x_wconf 92' lang='lat' dir='ltr'>est</span> <span class='ocrx_word' id='word_1_24' title='bbox 529 976 672 1013; x_wconf 86' lang='lat' dir='ltr'>civitas</span> <span class='ocrx_word' id='word_1_25' title='bbox 696 989 773 1026; x_wconf 89' lang='lat' dir='ltr'>que</span> <span class='ocrx_word' id='word_1_26' title='bbox 795 975 911 1012; x_wconf 86' lang='lat' dir='ltr'>Ilium</span> <span class='ocrx_word' id='word_1_27' title='bbox 934 976 1099 1022; x_wconf 67' lang='lat' dir='ltr'>divitur,</span> <span class='ocrx_word' id='word_1_28' title='bbox 1118 977 1185 1013; x_wconf 87' lang='lat' dir='ltr'>ubi</span> <span class='ocrx_word' id='word_1_29' title='bbox 1208 978 1393 1027; x_wconf 75' lang='lat' dir='ltr'>regnavit</span> <span class='ocrx_word' id='word_1_30' title='bbox 1412 978 1559 1015; x_wconf 59' lang='lat' dir='ltr'>lineas.</span> 
     </span>
     <span class='ocr_line' id='line_1_5' title="bbox 65 1039 1559 1092; baseline 0.001 -15"><span class='ocrx_word' id='word_1_31' title='bbox 65 1039 176 1077; x_wconf 83' lang='lat' dir='ltr'><strong>Gens</strong></span> <span class='ocrx_word' id='word_1_32' title='bbox 197 1040 266 1077; x_wconf 84' lang='lat' dir='ltr'>illa</span> <span class='ocrx_word' id='word_1_33' title='bbox 293 1040 412 1078; x_wconf 88' lang='lat' dir='ltr'>fortis</span> <span class='ocrx_word' id='word_1_34' title='bbox 447 1049 485 1078; x_wconf 90' lang='lat' dir='ltr'>et</span> <span class='ocrx_word' id='word_1_35' title='bbox 517 1040 665 1085; x_wconf 85' lang='lat' dir='ltr'>valida,</span> <span class='ocrx_word' id='word_1_36' title='bbox 689 1040 768 1077; x_wconf 79' lang='lat' dir='ltr'>viri</span> <span class='ocrx_word' id='word_1_37' title='bbox 802 1040 1038 1085; x_wconf 79' lang='lat' dir='ltr'>bellatores,</span> <span class='ocrx_word' id='word_1_38' title='bbox 1062 1049 1181 1092; x_wconf 90' lang='lat' dir='ltr'>atque</span> <span class='ocrx_word' id='word_1_39' title='bbox 1213 1041 1388 1078; x_wconf 74' lang='lat' dir='ltr'>rebelles</span> <span class='ocrx_word' id='word_1_40' title='bbox 1424 1043 1559 1085; x_wconf 72' lang='lat' dir='ltr'>nimis,</span> 
     </span>
     <span class='ocr_line' id='line_1_6' title="bbox 62 1103 1558 1157; baseline 0.001 -15"><span class='ocrx_word' id='word_1_41' title='bbox 62 1105 244 1156; x_wconf 87' lang='lat' dir='ltr'>inquieta</span> <span class='ocrx_word' id='word_1_42' title='bbox 274 1106 496 1143; x_wconf 82' lang='lat' dir='ltr'>certamina</span> <span class='ocrx_word' id='word_1_43' title='bbox 522 1105 805 1157; x_wconf 78' lang='lat' dir='ltr'>objurganteS‚</span> <span class='ocrx_word' id='word_1_44' title='bbox 837 1119 913 1156; x_wconf 88' lang='lat' dir='ltr'>per</span> <span class='ocrx_word' id='word_1_45' title='bbox 939 1120 1086 1157; x_wconf 69' lang='lat' dir='ltr'>gyrum</span> <span class='ocrx_word' id='word_1_46' title='bbox 1102 1107 1271 1144; x_wconf 84' lang='lat' dir='ltr'>finitima</span> <span class='ocrx_word' id='word_1_47' title='bbox 1293 1103 1558 1145; x_wconf 65' lang='lat' dir='ltr'>debellantes.</span> 
     </span>
     <span class='ocr_line' id='line_1_7' title="bbox 64 1170 1560 1222; baseline -0.001 -14"><span class='ocrx_word' id='word_1_48' title='bbox 64 1170 344 1208; x_wconf 67' lang='lat' dir='ltr'>Sur-rexerunt</span> <span class='ocrx_word' id='word_1_49' title='bbox 364 1180 499 1209; x_wconf 89' lang='lat' dir='ltr'>autem</span> <span class='ocrx_word' id='word_1_50' title='bbox 521 1185 642 1222; x_wconf 84' lang='lat' dir='ltr'>reges</span> <span class='ocrx_word' id='word_1_51' title='bbox 666 1171 894 1208; x_wconf 84' lang='lat' dir='ltr'>Grecorum</span> <span class='ocrx_word' id='word_1_52' title='bbox 913 1173 1112 1209; x_wconf 87' lang='lat' dir='ltr'>adversus</span> <span class='ocrx_word' id='word_1_53' title='bbox 1130 1172 1281 1209; x_wconf 87' lang='lat' dir='ltr'>Eneam</span> <span class='ocrx_word' id='word_1_54' title='bbox 1305 1186 1391 1209; x_wconf 87' lang='lat' dir='ltr'>cum</span> <span class='ocrx_word' id='word_1_55' title='bbox 1417 1174 1560 1210; x_wconf 64' lang='lat' dir='ltr'>multo‘}</span> 
     </span>
     <span class='ocr_line' id='line_1_8' title="bbox 63 1236 1560 1288; baseline -0.001 -15"><span class='ocrx_word' id='word_1_56' title='bbox 63 1236 244 1273; x_wconf 79' lang='lat' dir='ltr'>exercitu</span> <span class='ocrx_word' id='word_1_57' title='bbox 278 1244 648 1288; x_wconf 81' lang='lat' dir='ltr'>pugnaveruntque</span> <span class='ocrx_word' id='word_1_58' title='bbox 684 1245 825 1273; x_wconf 86' lang='lat' dir='ltr'>contra</span> <span class='ocrx_word' id='word_1_59' title='bbox 863 1250 953 1273; x_wconf 90' lang='lat' dir='ltr'>eum</span> <span class='ocrx_word' id='word_1_60' title='bbox 987 1238 1084 1274; x_wconf 88' lang='lat' dir='ltr'>cede</span> <span class='ocrx_word' id='word_1_61' title='bbox 1117 1244 1299 1288; x_wconf 72' lang='lat' dir='ltr'>magna‘,</span> <span class='ocrx_word' id='word_1_62' title='bbox 1325 1239 1560 1288; x_wconf 67' lang='lat' dir='ltr'>corruitqu(=</span> 
     </span>
     <span class='ocr_line' id='line_1_9' title="bbox 61 1300 1561 1352; baseline 0.001 -14"><span class='ocrx_word' id='word_1_63' title='bbox 61 1301 166 1338; x_wconf 88' lang='lat' dir='ltr'>illics</span> <span class='ocrx_word' id='word_1_64' title='bbox 186 1300 336 1338; x_wconf 92' lang='lat' dir='ltr'>multus</span> <span class='ocrx_word' id='word_1_65' title='bbox 358 1301 538 1352; x_wconf 91' lang='lat' dir='ltr'>populus</span> <span class='ocrx_word' id='word_1_66' title='bbox 563 1300 849 1352; x_wconf 82' lang='lat' dir='ltr'>Trojanorum.</span> <span class='ocrx_word' id='word_1_67' title='bbox 876 1302 978 1352; x_wconf 85' lang='lat' dir='ltr'>fugit</span> <span class='ocrx_word' id='word_1_68' title='bbox 1007 1302 1142 1352; x_wconf 84' lang='lat' dir='ltr'>itaque</span> <span class='ocrx_word' id='word_1_69' title='bbox 1166 1302 1300 1339; x_wconf 86' lang='lat' dir='ltr'>Eneas</span> <span class='ocrx_word' id='word_1_70' title='bbox 1323 1311 1361 1339; x_wconf 84' lang='lat' dir='ltr'>et</span> <span class='ocrx_word' id='word_1_71' title='bbox 1394 1303 1561 1340; x_wconf 76' lang='lat' dir='ltr'>reclusit</span> 
     </span>
     <span class='ocr_line' id='line_1_10' title="bbox 61 1366 1557 1417; baseline 0.001 -14"><span class='ocrx_word' id='word_1_72' title='bbox 61 1379 105 1404; x_wconf 88' lang='lat' dir='ltr'>se</span> <span class='ocrx_word' id='word_1_73' title='bbox 126 1366 168 1403; x_wconf 92' lang='lat' dir='ltr'>in</span> <span class='ocrx_word' id='word_1_74' title='bbox 191 1366 395 1403; x_wconf 79' lang='lat' dir='ltr'>civitatem</span> <span class='ocrx_word' id='word_1_75' title='bbox 419 1366 551 1403; x_wconf 90' lang='lat' dir='ltr'>Ilium.</span> <span class='ocrx_word' id='word_1_76' title='bbox 578 1366 954 1417; x_wconf 80' lang='lat' dir='ltr'>Pugnaveruntque</span> <span class='ocrx_word' id='word_1_77' title='bbox 991 1368 1189 1404; x_wconf 81' lang='lat' dir='ltr'>adversus</span> <span class='ocrx_word' id='word_1_78' title='bbox 1222 1366 1322 1404; x_wconf 89' lang='lat' dir='ltr'>hanc</span> <span class='ocrx_word' id='word_1_79' title='bbox 1359 1368 1557 1405; x_wconf 82' lang='lat' dir='ltr'>civitatem</span> 
     </span>
     <span class='ocr_line' id='line_1_11' title="bbox 59 1431 1559 1483; baseline 0.001 -14"><span class='ocrx_word' id='word_1_80' title='bbox 59 1432 178 1469; x_wconf 81' lang='lat' dir='ltr'>annis</span> <span class='ocrx_word' id='word_1_81' title='bbox 201 1433 356 1469; x_wconf 88' lang='lat' dir='ltr'>decem.</span> <span class='ocrx_word' id='word_1_82' title='bbox 382 1431 478 1483; x_wconf 86' lang='lat' dir='ltr'>Ipsa</span> <span class='ocrx_word' id='word_1_83' title='bbox 499 1432 606 1469; x_wconf 89' lang='lat' dir='ltr'>enim</span> <span class='ocrx_word' id='word_1_84' title='bbox 629 1432 789 1469; x_wconf 83' lang='lat' dir='ltr'>civitate</span> <span class='ocrx_word' id='word_1_85' title='bbox 828 1433 1026 1478; x_wconf 79' lang='lat' dir='ltr'>subacta¹,</span> <span class='ocrx_word' id='word_1_86' title='bbox 1052 1432 1154 1483; x_wconf 82' lang='lat' dir='ltr'>sugit</span> <span class='ocrx_word' id='word_1_87' title='bbox 1188 1432 1322 1469; x_wconf 87' lang='lat' dir='ltr'>Eneas</span> <span class='ocrx_word' id='word_1_88' title='bbox 1361 1441 1559 1483; x_wconf 68' lang='lat' dir='ltr'>tyrannus</span> 
     </span>
     <span class='ocr_line' id='line_1_12' title="bbox 59 1496 1560 1549; baseline 0.001 -15"><span class='ocrx_word' id='word_1_89' title='bbox 59 1497 102 1534; x_wconf 89' lang='lat' dir='ltr'>in</span> <span class='ocrx_word' id='word_1_90' title='bbox 126 1497 280 1534; x_wconf 87' lang='lat' dir='ltr'>Italiam</span> <span class='ocrx_word' id='word_1_91' title='bbox 302 1497 437 1534; x_wconf 87' lang='lat' dir='ltr'>locare</span> <span class='ocrx_word' id='word_1_92' title='bbox 468 1505 612 1549; x_wconf 83' lang='lat' dir='ltr'>gentes</span> <span class='ocrx_word' id='word_1_93' title='bbox 635 1498 685 1534; x_wconf 87' lang='lat' dir='ltr'>ad</span> <span class='ocrx_word' id='word_1_94' title='bbox 711 1498 991 1548; x_wconf 80' lang='lat' dir='ltr'>pugnandum.</span> <span class='ocrx_word' id='word_1_95' title='bbox 1013 1496 1095 1534; x_wconf 88' lang='lat' dir='ltr'>Alii</span> <span class='ocrx_word' id='word_1_96' title='bbox 1129 1511 1293 1548; x_wconf 90' lang='lat' dir='ltr'>quoque</span> <span class='ocrx_word' id='word_1_97' title='bbox 1325 1511 1373 1534; x_wconf 84' lang='lat' dir='ltr'>ex</span> <span class='ocrx_word' id='word_1_98' title='bbox 1402 1499 1560 1548; x_wconf 84' lang='lat' dir='ltr'>princi—</span> 
     </span>
     <span class='ocr_line' id='line_1_13' title="bbox 59 1562 1559 1615; baseline 0.001 -16"><span class='ocrx_word' id='word_1_99' title='bbox 59 1563 199 1614; x_wconf 91' lang='lat' dir='ltr'>pibus,</span> <span class='ocrx_word' id='word_1_100' title='bbox 224 1562 413 1599; x_wconf 82' lang='lat' dir='ltr'>Priamus</span> <span class='ocrx_word' id='word_1_101' title='bbox 434 1563 627 1600; x_wconf 87' lang='lat' dir='ltr'>videlicet</span> <span class='ocrx_word' id='word_1_102' title='bbox 648 1570 687 1599; x_wconf 85' lang='lat' dir='ltr'>et</span> <span class='ocrx_word' id='word_1_103' title='bbox 705 1562 908 1607; x_wconf 81' lang='lat' dir='ltr'>Antenor,</span> <span class='ocrx_word' id='word_1_104' title='bbox 933 1576 1022 1599; x_wconf 87' lang='lat' dir='ltr'>cum</span> <span class='ocrx_word' id='word_1_105' title='bbox 1041 1563 1201 1613; x_wconf 88' lang='lat' dir='ltr'>reliquo</span> <span class='ocrx_word' id='word_1_106' title='bbox 1217 1563 1395 1600; x_wconf 87' lang='lat' dir='ltr'>exercitu</span> <span class='ocrx_word' id='word_1_107' title='bbox 1415 1562 1559 1615; x_wconf 89' lang='lat' dir='ltr'>Troja-</span> 
     </span>
     <span class='ocr_line' id='line_1_14' title="bbox 60 1627 1558 1674; baseline 0.001 -9"><span class='ocrx_word' id='word_1_108' title='bbox 60 1641 206 1665; x_wconf 89' lang='lat' dir='ltr'>norum</span> <span class='ocrx_word' id='word_1_109' title='bbox 245 1628 460 1665; x_wconf 86' lang='lat' dir='ltr'>duodecim</span> <span class='ocrx_word' id='word_1_110' title='bbox 514 1628 640 1664; x_wconf 88' lang='lat' dir='ltr'>millia</span> <span class='ocrx_word' id='word_1_111' title='bbox 690 1627 889 1665; x_wconf 84' lang='lat' dir='ltr'>intrantes</span> <span class='ocrx_word' id='word_1_112' title='bbox 930 1628 971 1664; x_wconf 93' lang='lat' dir='ltr'>in</span> <span class='ocrx_word' id='word_1_113' title='bbox 1011 1641 1136 1665; x_wconf 85' lang='lat' dir='ltr'>naves</span> <span class='ocrx_word' id='word_1_114' title='bbox 1173 1629 1478 1674; x_wconf 85' lang='lat' dir='ltr'>abscesserunt,</span> <span class='ocrx_word' id='word_1_115' title='bbox 1522 1638 1558 1666; x_wconf 88' lang='lat' dir='ltr'>et</span> 
     </span>
     <span class='ocr_line' id='line_1_15' title="bbox 59 1692 1556 1744; baseline 0 -14"><span class='ocrx_word' id='word_1_116' title='bbox 59 1702 261 1731; x_wconf 85' lang='lat' dir='ltr'>venerunt</span> <span class='ocrx_word' id='word_1_117' title='bbox 280 1706 411 1744; x_wconf 89' lang='lat' dir='ltr'>usque</span> <span class='ocrx_word' id='word_1_118' title='bbox 433 1693 545 1744; x_wconf 85' lang='lat' dir='ltr'>ripas</span> <span class='ocrx_word' id='word_1_119' title='bbox 563 1693 712 1730; x_wconf 66' lang='lat' dir='ltr'>Tanais</span> <span class='ocrx_word' id='word_1_120' title='bbox 731 1692 925 1730; x_wconf 89' lang='lat' dir='ltr'>fluminis.</span> <span class='ocrx_word' id='word_1_121' title='bbox 949 1693 1133 1744; x_wconf 81' lang='lat' dir='ltr'>Ingressi</span> <span class='ocrx_word' id='word_1_122' title='bbox 1149 1693 1352 1730; x_wconf 82' lang='lat' dir='ltr'>Meotidas</span> <span class='ocrx_word' id='word_1_123' title='bbox 1370 1694 1556 1744; x_wconf 86' lang='lat' dir='ltr'>paludes,</span> 
     </span>
     <span class='ocr_line' id='line_1_16' title="bbox 60 1757 1558 1810; baseline 0 -15"><span class='ocrx_word' id='word_1_124' title='bbox 60 1758 301 1810; x_wconf 74' lang='lat' dir='ltr'>navigantes</span> <span class='ocrx_word' id='word_1_125' title='bbox 318 1767 599 1810; x_wconf 85' lang='lat' dir='ltr'>pervenerunt</span> <span class='ocrx_word' id='word_1_126' title='bbox 620 1759 726 1795; x_wconf 87' lang='lat' dir='ltr'>intra</span> <span class='ocrx_word' id='word_1_127' title='bbox 746 1758 946 1796; x_wconf 86' lang='lat' dir='ltr'>terminos</span> <span class='ocrx_word' id='word_1_128' title='bbox 969 1758 1289 1803; x_wconf 87' lang='lat' dir='ltr'>Pannoniarum,</span> <span class='ocrx_word' id='word_1_129' title='bbox 1306 1757 1420 1810; x_wconf 79' lang='lat' dir='ltr'>juxta</span> <span class='ocrx_word' id='word_1_130' title='bbox 1442 1759 1558 1795; x_wconf 80' lang='lat' dir='ltr'>Meo-</span> 
     </span>
     <span class='ocr_line' id='line_1_17' title="bbox 57 1823 1557 1875; baseline 0 -15"><span class='ocrx_word' id='word_1_131' title='bbox 57 1823 194 1860; x_wconf 85' lang='lat' dir='ltr'>tidasu</span> <span class='ocrx_word' id='word_1_132' title='bbox 230 1824 418 1874; x_wconf 82' lang='lat' dir='ltr'>paludes,</span> <span class='ocrx_word' id='word_1_133' title='bbox 442 1832 480 1861; x_wconf 90' lang='lat' dir='ltr'>et</span> <span class='ocrx_word' id='word_1_134' title='bbox 517 1833 715 1875; x_wconf 89' lang='lat' dir='ltr'>ceperunt</span> <span class='ocrx_word' id='word_1_135' title='bbox 754 1824 942 1861; x_wconf 86' lang='lat' dir='ltr'>edificare</span> <span class='ocrx_word' id='word_1_136' title='bbox 981 1824 1199 1869; x_wconf 76' lang='lat' dir='ltr'>civitatem,</span> <span class='ocrx_word' id='word_1_137' title='bbox 1235 1825 1286 1860; x_wconf 92' lang='lat' dir='ltr'>ob</span> <span class='ocrx_word' id='word_1_138' title='bbox 1323 1824 1557 1861; x_wconf 81' lang='lat' dir='ltr'>memoriale</span> 
     </span>
     <span class='ocr_line' id='line_1_18' title="bbox 59 1888 1556 1940; baseline -0.001 -14"><span class='ocrx_word' id='word_1_139' title='bbox 59 1902 215 1934; x_wconf 90' lang='lat' dir='ltr'>eorum,</span> <span class='ocrx_word' id='word_1_140' title='bbox 235 1889 626 1940; x_wconf 77' lang='lat' dir='ltr'>appellaveruntque</span> <span class='ocrx_word' id='word_1_141' title='bbox 649 1903 735 1926; x_wconf 86' lang='lat' dir='ltr'>eam</span> <span class='ocrx_word' id='word_1_142' title='bbox 766 1889 1048 1934; x_wconf 84' lang='lat' dir='ltr'>Sicambriam,</span> <span class='ocrx_word' id='word_1_143' title='bbox 1073 1888 1441 1939; x_wconf 81' lang='lat' dir='ltr'>habitaveruntque</span> <span class='ocrx_word' id='word_1_144' title='bbox 1475 1889 1556 1925; x_wconf 87' lang='lat' dir='ltr'>illic</span> 
     </span>
     <span class='ocr_line' id='line_1_19' title="bbox 58 1954 1148 2005; baseline -0.001 -14"><span class='ocrx_word' id='word_1_145' title='bbox 58 1954 175 1991; x_wconf 86' lang='lat' dir='ltr'>annis</span> <span class='ocrx_word' id='word_1_146' title='bbox 197 1954 351 2000; x_wconf 90' lang='lat' dir='ltr'>multis,</span> <span class='ocrx_word' id='word_1_147' title='bbox 373 1963 672 2005; x_wconf 83' lang='lat' dir='ltr'>creveruntque</span> <span class='ocrx_word' id='word_1_148' title='bbox 694 1954 735 1991; x_wconf 90' lang='lat' dir='ltr'>in</span> <span class='ocrx_word' id='word_1_149' title='bbox 757 1962 919 2005; x_wconf 83' lang='lat' dir='ltr'>gentem</span> <span class='ocrx_word' id='word_1_150' title='bbox 947 1968 1148 2005; x_wconf 83' lang='lat' dir='ltr'>magnam.</span> 
     </span>
    </p>

    <p class='ocr_par' dir='ltr' id='par_1_3' title="bbox 57 2019 1555 2655">
     <span class='ocr_line' id='line_1_20' title="bbox 112 2019 1555 2071; baseline 0 -15"><span class='ocrx_word' id='word_1_151' title='bbox 112 2022 148 2057; x_wconf 66' lang='grc' dir='ltr'>ἱ).</span> <span class='ocrx_word' id='word_1_152' title='bbox 181 2042 234 2048; x_wconf 91' lang='lat'>—</span> <span class='ocrx_word' id='word_1_153' title='bbox 266 2019 455 2057; x_wconf 87' lang='lat' dir='ltr'>Totidem</span> <span class='ocrx_word' id='word_1_154' title='bbox 494 2025 709 2071; x_wconf 67' lang='lat' dir='ltr'>ternporev</span> <span class='ocrx_word' id='word_1_155' title='bbox 747 2033 849 2071; x_wconf 84' lang='lat' dir='ltr'>gens</span> <span class='ocrx_word' id='word_1_156' title='bbox 889 2019 1114 2056; x_wconf 79' lang='lat' dir='ltr'>Alanorum</span> <span class='ocrx_word' id='word_1_157' title='bbox 1153 2033 1277 2070; x_wconf 82' lang='lat' dir='ltr'>prava</span> <span class='ocrx_word' id='word_1_158' title='bbox 1309 2033 1353 2056; x_wconf 91' lang='lat' dir='ltr'>ac</span> <span class='ocrx_word' id='word_1_159' title='bbox 1374 2019 1555 2070; x_wconf 87' lang='lat' dir='ltr'>pessima</span> 
     </span>
     <span class='ocr_line' id='line_1_21' title="bbox 57 2084 1554 2135; baseline 0 -14"><span class='ocrx_word' id='word_1_160' title='bbox 57 2084 362 2122; x_wconf 86' lang='lat' dir='ltr'>rebellaverunt</span> <span class='ocrx_word' id='word_1_161' title='bbox 391 2093 533 2122; x_wconf 84' lang='lat' dir='ltr'>contra</span> <span class='ocrx_word' id='word_1_162' title='bbox 546 2084 877 2122; x_wconf 61' lang='lat' dir='ltr'>Valentinianum</span> <span class='ocrx_word' id='word_1_163' title='bbox 902 2085 1192 2135; x_wconf 86' lang='lat' dir='ltr'>imperatorem</span> <span class='ocrx_word' id='word_1_164' title='bbox 1216 2084 1493 2121; x_wconf 83' lang='lat' dir='ltr'>Romanorum</span> <span class='ocrx_word' id='word_1_165' title='bbox 1510 2098 1554 2121; x_wconf 88' lang='lat' dir='ltr'>ac</span> 
     </span>
     <span class='ocr_line' id='line_1_22' title="bbox 58 2149 1552 2201; baseline -0.001 -14"><span class='ocrx_word' id='word_1_166' title='bbox 58 2149 256 2201; x_wconf 86' lang='lat' dir='ltr'>gentium.</span> <span class='ocrx_word' id='word_1_167' title='bbox 287 2149 401 2187; x_wconf 91' lang='lat' dir='ltr'>Tunc</span> <span class='ocrx_word' id='word_1_168' title='bbox 420 2150 488 2187; x_wconf 91' lang='lat' dir='ltr'>ille</span> <span class='ocrx_word' id='word_1_169' title='bbox 511 2150 735 2187; x_wconf 82' lang='lat' dir='ltr'>exercitum</span> <span class='ocrx_word' id='word_1_170' title='bbox 768 2149 893 2186; x_wconf 88' lang='lat' dir='ltr'>movit</span> <span class='ocrx_word' id='word_1_171' title='bbox 916 2149 1074 2186; x_wconf 86' lang='lat' dir='ltr'>hostem</span> <span class='ocrx_word' id='word_1_172' title='bbox 1099 2149 1315 2186; x_wconf 81' lang='lat' dir='ltr'>maximum</span> <span class='ocrx_word' id='word_1_173' title='bbox 1338 2151 1386 2186; x_wconf 91' lang='lat' dir='ltr'>de</span> <span class='ocrx_word' id='word_1_174' title='bbox 1408 2149 1552 2193; x_wconf 81' lang='lat' dir='ltr'>Roma,</span> 
     </span>
     <span class='ocr_line' id='line_1_23' title="bbox 58 2213 1550 2265; baseline -0.001 -14"><span class='ocrx_word' id='word_1_175' title='bbox 58 2222 200 2251; x_wconf 87' lang='lat' dir='ltr'>contra</span> <span class='ocrx_word' id='word_1_176' title='bbox 220 2227 290 2251; x_wconf 91' lang='lat' dir='ltr'>eos</span> <span class='ocrx_word' id='word_1_177' title='bbox 311 2214 494 2265; x_wconf 77' lang='lat' dir='ltr'>perrexit</span> <span class='ocrx_word' id='word_1_178' title='bbox 508 2219 538 2259; x_wconf 86' lang='lat'>¹,</span> <span class='ocrx_word' id='word_1_179' title='bbox 563 2227 740 2265; x_wconf 85' lang='lat' dir='ltr'>pugnam</span> <span class='ocrx_word' id='word_1_180' title='bbox 773 2214 879 2259; x_wconf 87' lang='lat' dir='ltr'>iniit,</span> <span class='ocrx_word' id='word_1_181' title='bbox 905 2213 1194 2264; x_wconf 83' lang='lat' dir='ltr'>superavitque</span> <span class='ocrx_word' id='word_1_182' title='bbox 1217 2227 1287 2250; x_wconf 83' lang='lat' dir='ltr'>eos</span> <span class='ocrx_word' id='word_1_183' title='bbox 1318 2227 1362 2250; x_wconf 84' lang='lat' dir='ltr'>ac</span> <span class='ocrx_word' id='word_1_184' title='bbox 1389 2213 1550 2251; x_wconf 84' lang='lat' dir='ltr'>devicit.</span> 
     </span>
     <span class='ocr_line' id='line_1_24' title="bbox 59 2278 1552 2330; baseline -0.001 -14"><span class='ocrx_word' id='word_1_185' title='bbox 59 2278 122 2316; x_wconf 93' lang='lat' dir='ltr'>Illi</span> <span class='ocrx_word' id='word_1_186' title='bbox 143 2280 278 2330; x_wconf 82' lang='lat' dir='ltr'>itaque</span> <span class='ocrx_word' id='word_1_187' title='bbox 302 2279 384 2316; x_wconf 89' lang='lat' dir='ltr'>cesi</span> <span class='ocrx_word' id='word_1_188' title='bbox 407 2293 532 2330; x_wconf 87' lang='lat' dir='ltr'>super</span> <span class='ocrx_word' id='word_1_189' title='bbox 553 2279 787 2316; x_wconf 88' lang='lat' dir='ltr'>Danubium</span> <span class='ocrx_word' id='word_1_190' title='bbox 810 2279 976 2316; x_wconf 82' lang='lat' dir='ltr'>fluvium</span> <span class='ocrx_word' id='word_1_191' title='bbox 1000 2280 1207 2329; x_wconf 80' lang='lat' dir='ltr'>fugerunt,</span> <span class='ocrx_word' id='word_1_192' title='bbox 1232 2287 1269 2316; x_wconf 92' lang='lat' dir='ltr'>et</span> <span class='ocrx_word' id='word_1_193' title='bbox 1300 2279 1552 2316; x_wconf 85' lang='lat' dir='ltr'>intraverunt</span> 
     </span>
     <span class='ocr_line' id='line_1_25' title="bbox 57 2343 1551 2395; baseline -0.001 -14"><span class='ocrx_word' id='word_1_194' title='bbox 57 2344 98 2381; x_wconf 91' lang='lat' dir='ltr'>in</span> <span class='ocrx_word' id='word_1_195' title='bbox 138 2344 341 2382; x_wconf 86' lang='lat' dir='ltr'>Meotidas</span> <span class='ocrx_word' id='word_1_196' title='bbox 378 2345 565 2395; x_wconf 76' lang='lat' dir='ltr'>paludeS.</span> <span class='ocrx_word' id='word_1_197' title='bbox 610 2344 722 2381; x_wconf 78' lang='lat' dir='ltr'>Dixit</span> <span class='ocrx_word' id='word_1_198' title='bbox 760 2353 891 2381; x_wconf 87' lang='lat' dir='ltr'>autem</span> <span class='ocrx_word' id='word_1_199' title='bbox 931 2344 1181 2394; x_wconf 81' lang='lat' dir='ltr'>imperator:</span> <span class='ocrx_word' id='word_1_200' title='bbox 1227 2360 1244 2378; x_wconf 90' lang='lat'>«</span> <span class='ocrx_word' id='word_1_201' title='bbox 1298 2343 1551 2394; x_wconf 79' lang='lat' dir='ltr'>Quicumque</span> 
     </span>
     <span class='ocr_line' id='line_1_26' title="bbox 61 2409 1550 2460; baseline -0.001 -15"><span class='ocrx_word' id='word_1_202' title='bbox 61 2425 78 2444; x_wconf 77' lang='grc' dir='ltr'>α</span> <span class='ocrx_word' id='word_1_203' title='bbox 109 2409 289 2460; x_wconf 83' lang='lat' dir='ltr'>potuerit</span> <span class='ocrx_word' id='word_1_204' title='bbox 327 2410 498 2447; x_wconf 72' lang='lat' dir='ltr'>introire</span> <span class='ocrx_word' id='word_1_205' title='bbox 538 2410 579 2446; x_wconf 91' lang='lat' dir='ltr'>in</span> <span class='ocrx_word' id='word_1_206' title='bbox 611 2409 783 2460; x_wconf 89' lang='lat' dir='ltr'>paludes</span> <span class='ocrx_word' id='word_1_207' title='bbox 821 2409 919 2446; x_wconf 88' lang='lat' dir='ltr'>istas</span> <span class='ocrx_word' id='word_1_208' title='bbox 960 2417 999 2446; x_wconf 90' lang='lat' dir='ltr'>et</span> <span class='ocrx_word' id='word_1_209' title='bbox 1036 2416 1199 2459; x_wconf 82' lang='lat' dir='ltr'>gentem</span> <span class='ocrx_word' id='word_1_210' title='bbox 1234 2409 1353 2445; x_wconf 86' lang='lat' dir='ltr'>istam</span> <span class='ocrx_word' id='word_1_211' title='bbox 1387 2421 1550 2458; x_wconf 84' lang='lat' dir='ltr'>pravam</span> 
     </span>
     <span class='ocr_line' id='line_1_27' title="bbox 60 2472 1551 2525; baseline -0.001 -15"><span class='ocrx_word' id='word_1_212' title='bbox 60 2490 77 2510; x_wconf 79' lang='lat' dir='ltr'>t(</span> <span class='ocrx_word' id='word_1_213' title='bbox 111 2472 290 2525; x_wconf 84' lang='lat' dir='ltr'>ejecerit,</span> <span class='ocrx_word' id='word_1_214' title='bbox 315 2476 534 2512; x_wconf 88' lang='lat' dir='ltr'>concedam</span> <span class='ocrx_word' id='word_1_215' title='bbox 556 2474 614 2511; x_wconf 91' lang='lat' dir='ltr'>eis</span> <span class='ocrx_word' id='word_1_216' title='bbox 648 2474 800 2511; x_wconf 84' lang='lat' dir='ltr'>tributa</span> <span class='ocrx_word' id='word_1_217' title='bbox 839 2474 1007 2511; x_wconf 83' lang='lat' dir='ltr'>donaria</span> <span class='ocrx_word' id='word_1_218' title='bbox 1046 2473 1164 2510; x_wconf 90' lang='lat' dir='ltr'>annis</span> <span class='ocrx_word' id='word_1_219' title='bbox 1202 2473 1396 2510; x_wconf 88' lang='lat' dir='ltr'>decem.»</span> <span class='ocrx_word' id='word_1_220' title='bbox 1439 2473 1551 2509; x_wconf 83' lang='lat' dir='ltr'>Tune</span> 
     </span>
     <span class='ocr_line' id='line_1_28' title="bbox 57 2537 1548 2591; baseline -0.001 -15"><span class='ocrx_word' id='word_1_221' title='bbox 57 2540 295 2591; x_wconf 80' lang='lat' dir='ltr'>congregati</span> <span class='ocrx_word' id='word_1_222' title='bbox 317 2538 483 2590; x_wconf 83' lang='lat' dir='ltr'>Trojani</span> <span class='ocrx_word' id='word_1_223' title='bbox 507 2540 688 2576; x_wconf 81' lang='lat' dir='ltr'>fecerunt</span> <span class='ocrx_word' id='word_1_224' title='bbox 709 2539 898 2585; x_wconf 80' lang='lat' dir='ltr'>insidias,</span> <span class='ocrx_word' id='word_1_225' title='bbox 924 2539 1029 2575; x_wconf 89' lang='lat' dir='ltr'>sicut</span> <span class='ocrx_word' id='word_1_226' title='bbox 1051 2547 1165 2575; x_wconf 88' lang='lat' dir='ltr'>erant</span> <span class='ocrx_word' id='word_1_227' title='bbox 1183 2538 1293 2575; x_wconf 88' lang='lat' dir='ltr'>docti</span> <span class='ocrx_word' id='word_1_228' title='bbox 1321 2545 1360 2574; x_wconf 85' lang='lat' dir='ltr'>et</span> <span class='ocrx_word' id='word_1_229' title='bbox 1381 2537 1548 2588; x_wconf 85' lang='lat' dir='ltr'>cogniti,</span> 
     </span>
     <span class='ocr_line' id='line_1_29' title="bbox 57 2603 1548 2655; baseline -0.001 -15"><span class='ocrx_word' id='word_1_230' title='bbox 57 2612 95 2641; x_wconf 87' lang='lat' dir='ltr'>et</span> <span class='ocrx_word' id='word_1_231' title='bbox 111 2604 290 2655; x_wconf 79' lang='lat' dir='ltr'>ingressi</span> <span class='ocrx_word' id='word_1_232' title='bbox 306 2613 400 2642; x_wconf 87' lang='lat' dir='ltr'>sunt</span> <span class='ocrx_word' id='word_1_233' title='bbox 415 2605 455 2641; x_wconf 93' lang='lat' dir='ltr'>in</span> <span class='ocrx_word' id='word_1_234' title='bbox 472 2605 674 2641; x_wconf 81' lang='lat' dir='ltr'>Meotidas</span> <span class='ocrx_word' id='word_1_235' title='bbox 691 2605 863 2655; x_wconf 88' lang='lat' dir='ltr'>paludes</span> <span class='ocrx_word' id='word_1_236' title='bbox 880 2618 969 2641; x_wconf 91' lang='lat' dir='ltr'>cum</span> <span class='ocrx_word' id='word_1_237' title='bbox 985 2604 1063 2641; x_wconf 87' lang='lat' dir='ltr'>alio</span> <span class='ocrx_word' id='word_1_238' title='bbox 1082 2603 1237 2654; x_wconf 89' lang='lat' dir='ltr'>populo</span> <span class='ocrx_word' id='word_1_239' title='bbox 1256 2603 1548 2645; x_wconf 85' lang='lat' dir='ltr'>Romanorum,</span> 
     </span>
    </p>
   </div>
   <div class='ocr_carea' id='block_1_3' title="bbox 58 2725 1550 2809">
    <p class='ocr_par' dir='ltr' id='par_1_4' title="bbox 58 2725 1550 2809">
     <span class='ocr_line' id='line_1_30' title="bbox 98 2725 1550 2768; baseline -0.003 -11"><span class='ocrx_word' id='word_1_240' title='bbox 98 2728 132 2768; x_wconf 53' lang='lat' dir='ltr'>q‘·</span> <span class='ocrx_word' id='word_1_241' title='bbox 154 2729 262 2758; x_wconf 83' lang='lat' dir='ltr'>multa</span> <span class='ocrx_word' id='word_1_242' title='bbox 278 2730 319 2759; x_wconf 73' lang='lat' dir='ltr'>A.</span> <span class='ocrx_word' id='word_1_243' title='bbox 339 2746 378 2751; x_wconf 91' lang='lat'>—-</span> <span class='ocrx_word' id='word_1_244' title='bbox 399 2730 427 2758; x_wconf 57' lang='lat' dir='ltr'>r&#39;i</span> <span class='ocrx_word' id='word_1_245' title='bbox 452 2728 570 2758; x_wconf 80' lang='lat' dir='ltr'>valida</span> <span class='ocrx_word' id='word_1_246' title='bbox 591 2728 632 2758; x_wconf 88' lang='lat' dir='ltr'>B.</span> <span class='ocrx_word' id='word_1_247' title='bbox 657 2745 697 2750; x_wconf 91' lang='lat'>—</span> <span class='ocrx_word' id='word_1_248' title='bbox 718 2734 745 2758; x_wconf 58' lang='lat' dir='ltr'>s]</span> <span class='ocrx_word' id='word_1_249' title='bbox 762 2728 844 2758; x_wconf 86' lang='lat' dir='ltr'>illuc</span> <span class='ocrx_word' id='word_1_250' title='bbox 866 2728 906 2759; x_wconf 90' lang='lat' dir='ltr'>G.</span> <span class='ocrx_word' id='word_1_251' title='bbox 924 2745 962 2750; x_wconf 89' lang='lat'>—</span> <span class='ocrx_word' id='word_1_252' title='bbox 978 2728 1004 2767; x_wconf 84' lang='lat'>1)</span> <span class='ocrx_word' id='word_1_253' title='bbox 1027 2726 1182 2767; x_wconf 69' lang='lat' dir='ltr'>subjecta</span> <span class='ocrx_word' id='word_1_254' title='bbox 1210 2726 1254 2757; x_wconf 86' lang='lat' dir='ltr'>G.</span> <span class='ocrx_word' id='word_1_255' title='bbox 1273 2743 1311 2747; x_wconf 90' lang='lat'><strong>—</strong></span> <span class='ocrx_word' id='word_1_256' title='bbox 1336 2726 1368 2765; x_wconf 90' lang='lat' dir='ltr'>u)</span> <span class='ocrx_word' id='word_1_257' title='bbox 1386 2725 1550 2754; x_wconf 77' lang='lat' dir='ltr'>Meotides</span> 
     </span>
     <span class='ocr_line' id='line_1_31' title="bbox 58 2767 1468 2809; baseline -0.003 -10"><span class='ocrx_word' id='word_1_258' title='bbox 58 2769 92 2802; x_wconf 68' lang='grc' dir='ltr'>Ρ,</span> <span class='ocrx_word' id='word_1_259' title='bbox 116 2770 159 2801; x_wconf 61' lang='lat' dir='ltr'>ti.</span> <span class='ocrx_word' id='word_1_260' title='bbox 178 2787 217 2792; x_wconf 91' lang='lat'>—</span> <span class='ocrx_word' id='word_1_261' title='bbox 239 2782 270 2809; x_wconf 58' lang='lat' dir='ltr'>vj</span> <span class='ocrx_word' id='word_1_262' title='bbox 294 2770 373 2799; x_wconf 83' lang='lat' dir='ltr'>Post</span> <span class='ocrx_word' id='word_1_263' title='bbox 398 2770 489 2799; x_wconf 77' lang='lat' dir='ltr'>iden]</span> <span class='ocrx_word' id='word_1_264' title='bbox 510 2774 648 2809; x_wconf 80' lang='lat' dir='ltr'>tempus</span> <span class='ocrx_word' id='word_1_265' title='bbox 665 2770 701 2800; x_wconf 85' lang='lat' dir='ltr'>E.</span> <span class='ocrx_word' id='word_1_266' title='bbox 726 2770 760 2800; x_wconf 75' lang='lat' dir='ltr'>F.</span> <span class='ocrx_word' id='word_1_267' title='bbox 784 2770 825 2800; x_wconf 82' lang='lat' dir='ltr'>G.</span> <span class='ocrx_word' id='word_1_268' title='bbox 846 2787 884 2792; x_wconf 89' lang='lat'>—</span> <span class='ocrx_word' id='word_1_269' title='bbox 907 2770 937 2807; x_wconf 59' lang='lat' dir='ltr'>x)</span> <span class='ocrx_word' id='word_1_270' title='bbox 958 2773 1079 2798; x_wconf 73' lang='lat' dir='ltr'>eontra</span> <span class='ocrx_word' id='word_1_271' title='bbox 1100 2767 1251 2808; x_wconf 74' lang='lat' dir='ltr'>perrexit</span> <span class='ocrx_word' id='word_1_272' title='bbox 1266 2767 1304 2801; x_wconf 93' lang='lat' dir='ltr'>D,</span> <span class='ocrx_word' id='word_1_273' title='bbox 1323 2767 1358 2801; x_wconf 85' lang='grc' dir='ltr'>Ε,</span> <span class='ocrx_word' id='word_1_274' title='bbox 1377 2767 1411 2802; x_wconf 80' lang='lat' dir='ltr'>F,</span> <span class='ocrx_word' id='word_1_275' title='bbox 1429 2767 1468 2797; x_wconf 88' lang='lat' dir='ltr'>G.</span> 
     </span>
    </p>
   </div>
  </div>
 </body>
</html>
