1908 3256
669 335 783 360 Lmen
819 336 970 360 PRIMUS
1511 330 1558 365 ‘233

70 423 307 475 peremptiS,
329 437 446 461 omne
468 438 637 477 regnum
656 439 794 462 eorum
812 433 848 461 et
869 425 1102 463 thesaurum
1134 427 1366 465 Clodovcus
1390 432 1556 482 acecpit.

71 489 294 527 intersectis
317 490 453 527 multis
475 499 513 528 et
533 492 690 542 magnis
714 491 880 542 regibus
908 493 1149 542 parentibus
1169 507 1323 531 eorum.

126 557 188 594 18.
214 578 265 582 ——
287 555 387 593 Post
408 555 480 594 hec
502 557 636 593 omnia
658 565 840 594 mortuus
865 565 925 594 est
948 556 1182 596 Clodoveus
1206 573 1276 596 rex
1299 560 1337 597 in
1357 575 1469 611 pace,
1495 576 1560 598 sc-

70 620 227 672 pultusk
248 621 288 658 in
311 621 477 659 basilica
498 622 602 659 beati
626 621 753 659 Pe11·i¹
776 636 893 673 quam
917 623 1004 673 ipse
1026 624 1090 660 vel
1108 625 1249 675 regina
1263 639 1332 662 sua
1349 627 1560 664 edificave-

71 694 178 723 runt.
195 685 381 723 Mortuus
395 687 474 724 est¹
492 699 596 724 anno
611 686 752 737 quinto
765 695 980 738 postquam
999 702 1087 725 cum
1101 688 1278 734 Alarico,
1295 703 1390 742 rege
1405 691 1560 729 Gotho-

71 764 173 798 rum,
197 751 396 802 pugnavit
413 752 441 788 ².
468 751 669 803 Regnavit
703 765 865 802 quoque
888 753 1006 789 simul
1028 753 1143 790 annis
1171 754 1294 792 XXX.
1320 755 1354 792 A
1390 758 1560 795 transitu

71 817 198 854 sancti
219 816 385 854 Martini
409 831 538 868 usque
560 818 608 855 ad
639 818 853 855 transitum
891 818 1088 856 Clodovei
1130 820 1242 871 regis
1284 822 1447 859 suerunt
1468 824 1560 860 anni

72 881 198 921 CXII.
228 881 468 921 Crochildis
500 882 642 935 regina
662 891 756 934 post
778 889 983 921 mortemm
998 884 1076 921 viri
1108 885 1185 931 sui,
1216 885 1391 924 Turonis
1420 888 1560 925 civita-

70 956 148 986 tem
181 948 415 999 frequenter
434 962 628 1000 pergens,
652 949 701 986 ad
732 948 938 986 basilicam
973 949 1099 986 sancti
1135 949 1299 987 Martini
1333 952 1559 990 diutissime

72 1022 317 1052 commorata
339 1014 515 1053 Domino
529 1015 752 1060 serviebat3
777 1016 961 1053 Parisius
976 1030 1068 1053 raro
1084 1016 1285 1054 visitabat.
1316 1017 1445 1069 Igitur
1467 1028 1560 1070 post

69 1087 238 1117 mortem
256 1080 334 1117 viri
357 1080 418 1117 sui
438 1080 505 1117 hi¹¹
525 1089 698 1131 quatuor
718 1081 788 1118 filii
813 1080 899 1131 ejus
926 1097 932 1117 :
973 1081 1267 1128 Theodericus,
1294 1083 1556 1130 Clodomiris,

71 1144 360 1184 Childebertus
377 1154 414 1183 et
436 1146 685 1193 Clotharius⁷
700 1160 870 1198 regnum
893 1145 979 1198 ejus
1002 1147 1108 1184 inter
1127 1161 1168 1184 se
1190 1148 1417 1186 diviserunt
1435 1163 1559 1200 equa-

67 1211 174 1249 liter.
200 1210 384 1249 Habebat
406 1225 568 1263 quoque
591 1211 869 1250 Theodericus
889 1212 1013 1249 filium
1042 1213 1205 1250 nomine
1232 1213 1557 1252 Theodebertum

71 1284 282 1315 strenuum
305 1285 343 1315 et
382 1278 536 1325 utilem,
561 1286 599 1315 et
638 1279 861 1316 elevatum⁰
884 1278 923 1315 in
944 1291 1088 1329 magna
1106 1279 1303 1329 potentia.
1328 1278 1557 1318 Amalricus

69 1356 248 1395 quoque,
271 1343 377 1381 filius
396 1342 563 1390 Alarici,
588 1345 698 1396 regis
719 1343 961 1390 Gothorum,
986 1357 1170 1381 sororem
1193 1357 1332 1382 eorum
1344 1346 1393 1383 ad
1415 1345 1556 1397 conju-

70 1410 179 1462 gium
210 1410 342 1461 petiit,
373 1423 491 1461 quam
527 1410 585 1448 illi
608 1424 689 1448 non
711 1419 907 1463 negantes
929 1423 1018 1448 cum
1038 1410 1289 1448 ornamentis
1311 1411 1368 1449 illi
1391 1412 1555 1463 optimis

63 1476 334 1523 tradiderunt,
359 1490 526 1527 eamque
549 1476 626 1514 sibi
643 1477 683 1514 in
699 1476 997 1514 matrimonium
1020 1476 1277 1528 adsumpsitv.
1305 1476 1349 1514 In
1371 1477 1441 1515 illo
1453 1486 1555 1516 tem-

60 1555 161 1595 pore
183 1541 289 1580 Dani
323 1555 412 1580 cum
443 1556 541 1595 rege
573 1556 662 1590 suo,
684 1543 846 1581 nomine
869 1541 1104 1581 Cothelaico
1121 1548 1151 1590 q,
1176 1556 1264 1580 curn
1286 1543 1417 1581 navali
1439 1543 1554 1582 hoste

58 1622 134 1660 per
154 1608 277 1646 altum
296 1622 404 1647 mare
427 1608 580 1647 Gallias
601 1617 759 1661 petunt,
784 1609 1040 1647 devastantes
1064 1616 1102 1645 et
1131 1608 1383 1660 captivantes
1405 1610 1551 1653 omnia,

58 1682 111 1720 et,
136 1674 271 1726 plenis
293 1674 464 1712 navibus
487 1675 536 1712 de
558 1675 745 1726 captivis,
769 1675 893 1712 altum
909 1687 1016 1712 mare
1036 1674 1203 1721 intrant,
1227 1687 1324 1725 rege
1352 1687 1492 1712 eorum
1505 1677 1553 1713 ad

59 1740 154 1778 litus
183 1740 305 1778 maris
337 1741 558 1779 residente.
595 1741 713 1790 Quod
740 1754 829 1779 cum
857 1740 1112 1778 Theoderico
1140 1740 1375 1778 nunciatum
1395 1741 1551 1784 fuisset,

61 1805 387 1844 Theodebertum
412 1807 537 1844 filium
569 1820 684 1844 suum
715 1820 803 1844 cum
832 1819 979 1857 magno
1003 1806 1183 1843 exercitu
1207 1806 1245 1842 in
1269 1806 1349 1842 illis
1370 1807 1554 1857 partibus

61 1872 224 1910 direxit.
250 1872 344 1920 Qui,
370 1881 613 1910 consecutus
636 1886 722 1917 eos,
746 1872 943 1924 pugnavit
962 1872 1124 1909 cumeis
1143 1872 1239 1908 cede
1257 1885 1400 1923 magna
1416 1878 1556 1923 atque¹'

61 1939 299 1990 prostravit,
321 1952 608 1990 regemeorum
630 1939 847 1983 interfecit,
866 1939 1033 1990 predam
1057 1937 1147 1975 tulit
1169 1946 1206 1974 ct
1229 1938 1427 1975 interram
1445 1951 1555 1976 suam

62 2004 298 2043 restituit⁵*.

118 2073 166 2109 19
183 2093 234 2098 —
253 2069 298 2107 In
317 2070 399 2107 illis
421 2070 566 2108 diebus
587 2069 848 2108 Chrochildis
890 2070 1033 2121 regina
1051 2083 1140 2107 cum
1159 2070 1342 2107 venisset
1355 2069 1554 2112 Parisius,

64 2136 118 2173 ait
138 2136 187 2173 ad
204 2135 311 2173 filios
335 2149 430 2173 suos
457 2151 463 2172 :
492 2151 509 2170 «
531 2134 623 2173 Non
646 2149 706 2173 me
725 2135 919 2187 peniteat,
942 2135 1029 2180 filii,
1049 2134 1222 2172 dulciter
1242 2148 1315 2172 vos
1337 2135 1553 2172 enutrisse.

67 2217 83 2236 «
119 2200 287 2246 Precor,
312 2200 608 2253 indignaminr,
636 2199 824 2252 injuriam
863 2213 990 2237 meam
1021 2208 1059 2238 et
1095 2200 1222 2251 patris
1252 2200 1328 2237 mei
1348 2208 1385 2237 ct
1419 2200 1556 2237 matris

69 2284 85 2302 «
119 2280 206 2305 mee
242 2275 412 2305 mortem
449 2267 665 2305 vindicate.
690 2282 706 2301 »
734 2267 795 2304 llli
838 2265 911 2304 hec
932 2267 1156 2311 audientes,
1182 2266 1221 2303 in
1244 2266 1342 2303 iram
1375 2279 1556 2317 magnam

68 2333 273 2381 commoti,
299 2347 388 2371 cum
410 2347 556 2384 magno
579 2333 757 2370 exercitu
794 2332 1073 2384 Burgundiam
1095 2339 1240 2383 petunt
1263 2340 1403 2369 contra
1425 2331 1558 2381 Sigis-

75 2399 268 2437 mundum
297 2407 335 2436 et
373 2398 607 2435 Gotmarum
630 2412 765 2450 reges,
797 2398 902 2434 filios
927 2397 1181 2436 Gundebadi.
1225 2397 1337 2434 Tunc
1362 2396 1557 2447 temporis

108 2506 142 2543 k)
165 2507 396 2547 sepultusque
418 2511 470 2536 est
498 2507 532 2537 1³,
556 2506 594 2535 G.
617 2524 658 2528 —
678 2506 699 2539 ll
722 2509 774 2535 cst
796 2510 909 2535 autem
934 2505 969 2540 E,
995 2506 1028 2536 F.
1053 2506 1091 2534 (i.
1115 2523 1155 2526 —
1179 2516 1224 2538 ni)
1247 2504 1378 2533 obitum
1400 2504 1434 2535 F.
1459 2504 1560 2545 ‘²2'-

68 2548 105 2586 n)
126 2547 174 2578 hii
198 2548 236 2583 E,
255 2548 291 2582 F,
315 2547 353 2578 G.
377 2548 463 2587 ——o‡)
487 2547 679 2588 elevatique
701 2551 781 2577 sunt
800 2548 837 2579 A,
862 2547 899 2578 D.
918 2547 953 2576 E.
977 2565 1017 2568 ——
1039 2555 1072 2586 p}
1096 2546 1243 2585 sumpsit
1267 2546 1301 2578 1³.
1320 2546 1358 2575 G.
1381 2563 1422 2567 —
1441 2556 1460 2584 q
1492 2545 1556 2573 (jo-

67 2589 224 2620 thelaino
247 2590 284 2625 Ε,
303 2590 339 2624 F,
363 2589 402 2619 G.
420 2607 460 2611 —
475 2590 503 2629 r)
520 2593 622 2629 atque
638 2589 718 2618 cede
739 2599 866 2629 magna
890 2589 925 2623 F,
942 2588 983 2619 G.
1005 2606 1044 2610 -—
1066 2589 1114 2625 ς’)
1133 2589 1216 2616 Ἱόηί
1230 2598 1264 2615 ce
1281 2597 1428 2627 passage
1442 2585 1559 2625 depuis

70 2631 108 2661 In
123 2630 186 2661 illo
207 2635 363 2672 tempore
379 2630 478 2666 Dani,
508 2641 652 2670 manqne
670 2630 758 2660 (lans
779 2630 813 2659 C.
836 2648 877 2652 -
897 2631 920 2669 t)
938 2633 974 2659 ut
994 2628 1220 2669 indignemini
1245 2628 1279 2662 1³,
1303 2629 1342 2659 G.

112 2804 145 2835 1.
174 2804 254 2834 Plus
276 2804 354 2834 tard
381 2803 715 2835 Saiiite—Gcncvit'we.

114 2846 146 2876 2.
176 2845 406 2876 C'est-ii—dire
427 2845 506 2885 cinq
528 2856 589 2875 ans
612 2846 714 2884 apres
729 2844 763 2874 la
784 2844 927 2874 bataille
942 2844 982 2873 de
1004 2843 1146 2873 Youillc.
