1908 3256
319 288 369 323 (56
836 300 1022 325 Anmmlu
1054 300 1295 325 CHRONICON

315 391 410 443 Quo
452 399 650 447 tempore
699 392 944 449 regnabatu
998 407 1095 432 eum
1147 390 1437 432 Childeberto
1473 391 1814 434 Theodebertus

316 477 452 518 nepos
476 463 585 517 ejus,
612 461 727 503 filius
745 462 1028 503 Theoderici.
1056 463 1152 514 Quo
1172 470 1373 518 tempore
1397 461 1654 503 claruerunt
1694 479 1816 504 sanc-

314 542 382 573 tus
412 533 656 591 Gregorius
691 549 802 590 papa
832 533 1001 590 primus
1030 541 1072 574 et
1113 533 1360 592 Gregorius
1401 533 1640 590 episeopus
1679 534 1817 575 Turo-

315 604 465 644 nensis
489 613 530 645 et
553 613 728 646 sanetus
751 604 940 645 Aredius
971 605 1106 644 abbas
1131 613 1173 644 et
1194 604 1398 645 Nicecius
1430 604 1667 662 episcopus
1702 606 1818 665 Lug-

316 676 543 717 dunensis.
570 677 675 717 Post
699 675 1036 718 Childebertum
1062 675 1263 735 regnavit
1280 676 1517 726 Clotarius‚
1538 675 1674 718 frater
1697 677 1809 733 ejus,

315 747 389 804 qui
414 756 607 787 sanctam
632 746 951 807 Radegundem
982 746 1024 787 in
1056 746 1338 787 matrimonio
1366 746 1536 788 habuit.
1575 748 1683 788 Post
1720 747 1817 789 Clo-

318 818 474 859 tarium
498 818 699 878 regnavit
717 818 1014 875 Chilperieus,
1041 817 1156 859 filius
1180 818 1290 874 ejus,
1323 834 1420 858 cum
1443 818 1586 859 tribus
1605 818 1818 860 fratribus

316 889 421 939 suis,
449 890 1020 941 Ca1*ibe1'to“‚Guntramno
1050 898 1092 930 et
1123 889 1376 948 Sigeberm,
1404 889 1479 947 qui
1521 890 1676 931 habuit
1710 891 1818 932 Bru-

316 961 558 1002 niehildem
582 961 625 1002 in
656 961 953 1002 matrimonio.
980 962 1086 1002 Post
1103 961 1407 1017 Chilperieum
1436 962 1639 1021 regnavit
1674 962 1818 1004 Clota-

316 1033 424 1079 rius,
452 1032 567 1074 filius
592 1034 702 1090 ejus.
730 1033 952 1075 Clotarius
975 1033 1058 1074 iste
1092 1032 1245 1092 genuit
1279 1034 1583 1092 Dagobertum
1613 1043 1656 1075 et
1686 1051 1818 1076 unam

316 1105 448 1145 filiam
485 1105 663 1146 nomine
706 1105 986 1154 Blitilden1¹;
1030 1104 1083 1145 de
1125 1121 1208 1162 qua
1250 1104 1431 1146 Blitilde
1473 1104 1554 1146 fuit
1588 1106 1817 1165 generatio

315 1177 465 1217 ‹lomni
483 1177 645 1218 Caroli.
671 1179 777 1219 Nam
794 1177 877 1218 ista
889 1188 904 1209 '³'
927 1176 1140 1227 Blstildis,
1173 1193 1298 1217 soror
1314 1177 1558 1237 Dagoberti
1576 1177 1711 1238 regis,
1743 1179 1816 1219 ha-

315 1248 410 1290 buit
432 1248 574 1290 virum
598 1249 642 1290 in
667 1249 876 1308 conjugio
900 1248 1095 1290 nobilem
1125 1247 1241 1289 inter
1269 1249 1463 1289 Francos
1498 1248 1677 1290 nomine
1705 1249 1814 1290 Ans-

315 1321 506 1370 bertum‚
527 1320 580 1361 de
604 1336 690 1377 quo
720 1320 874 1380 genuit
908 1319 1047 1361 filium
1088 1319 1266 1360 nomine
1300 1319 1561 1361 Arnaldum.
1591 1320 1815 1362 Arnaldus

315 1391 730 1451 genuitArnulsum,
751 1391 826 1449 qui
846 1400 1015 1448 postea,
1035 1390 1250 1432 derelicto
1267 1391 1432 1440 seculo,
1460 1390 1598 1432 sactus
1621 1400 1687 1433 est
1703 1391 1814 1449 epis-

313 1463 590 1520 eopusMetis
602 1463 792 1504 civitatis
807 1462 1054 1504 ⁷‘.Ar11ulfus
1071 1471 1305 1519 antequam
1323 1471 1441 1503 esset
1456 1462 1645 1504 clericus
1661 1463 1816 1505 habuit

313 1551 494 1576 uxorem
535 1535 713 1577 nomine
758 1536 939 1595 Begam,
977 1534 1110 1576 filiam
1151 1534 1301 1590 Pipini
1342 1534 1522 1591 majoris
1562 1534 1734 1586 domus,
1772 1544 1815 1576 et

314 1606 465 1665 genuit
488 1623 540 1648 ex
564 1623 613 1648 ea
634 1606 951 1667 Ansegisilum.
989 1605 1292 1665 Ansegisilusa
1321 1605 1475 1666 genuit
1496 1606 1704 1663 Pipinum
1733 1608 1813 1649 Ve-

312 1679 451 1720 tnlum
474 1680 676 1729 Brevem,
704 1679 779 1736 qui
802 1678 882 1719 fuit
904 1679 1064 1719 abavus
1101 1677 1251 1718 domni
1281 1677 1433 1719 Karoli
1462 1677 1596 1737 regis.
1624 1677 1811 1735 Pipinus

312 1751 511 1802 vetulus,
538 1751 657 1792 duxb
677 1752 966 1799 Francorum,
994 1749 1147 1810 genuit
1182 1749 1392 1790 Karolum
1427 1749 1697 1790 Martellum.
1730 1751 1810 1792 Ka-

313 1822 432 1863 rolus
454 1823 684 1864 Martellus
707 1822 860 1882 genuit
882 1821 1091 1878 Pipinum
1114 1820 1257 1871 Pium,
1278 1820 1422 1877 quide
1445 1820 1519 1861 illa
1542 1820 1658 1862 linea
1682 1837 1810 1881 gene-

312 1894 496 1935 rationis
526 1894 718 1935 elevatus
741 1903 807 1934 est
829 1893 998 1950 primus
1040 1909 1062 1933 a
1102 1892 1283 1933 Francis
1318 1892 1361 1933 in
1403 1908 1572 1952 regem,
1607 1901 1810 1934 evacuata

311 1966 491 2006 omnino
519 1966 657 2007 linea‘
685 1966 737 2007 de
773 1981 935 2025 genere
965 1964 1247 2006 Faramundi.
1285 1963 1471 2020 Pipinus
1512 1964 1617 2005 Pius
1658 1965 1811 2025 genuit

312 2037 520 2078 domnum
550 2054 701 2098 regem
736 2046 970 2097 augustum
1000 2036 1314 2092 imperatorem
1350 2036 1578 2077 Karolum.
1610 2038 1810 2078 Domnus

312 2110 499 2150 Karolus
523 2109 675 2169 genuit
703 2109 913 2150 domnum
948 2108 1191 2149 Ludoieum
1221 2107 1551 2164 imperatorem.
1589 2107 1810 2149 Ludoicus

312 2181 465 2241 genuit
489 2180 695 2221 Carolum
720 2180 899 2220 Calvum
936 2195 987 2220 ex
1022 2179 1142 2220 Judit
1176 2179 1345 2239 regina.
1392 2179 1480 2221 Sed
1521 2188 1717 2220 revertar
1757 2179 1811 2220 acl

311 2252 511 2293 ordinem
536 2268 689 2311 regum
700 2257 730 2292 ¹¹.
756 2252 863 2292 Post
885 2250 1128 2291 Clolarium
1152 2250 1353 2310 regnavit
1375 2251 1673 2310 Dagobertus,
1693 2250 1810 2292 filius

312 2325 421 2380 ejus,
437 2340 522 2380 quo
535 2333 736 2380 tempore
750 2331 926 2363 sanetus
940 2322 1122 2381 Elegius
1139 2322 1376 2378 episeopus
1390 2321 1654 2363 ela1¹uit.Cui
1667 2323 1810 2382 Dago-

312 2395 437 2435 berto
461 2394 541 2435 suit
564 2394 749 2450 Pipinus
779 2395 917 2450 major
940 2393 1095 2434 domus
1129 2393 1193 2434 vir
1223 2393 1449 2453 egregius,
1496 2394 1620 2450 cujus
1660 2392 1810 2450 Pipini

311 2465 443 2507 filiam
468 2466 646 2507 nomine
676 2467 866 2525 Begame
882 2464 1055 2521 aceepit
1092 2464 1136 2505 in
1159 2481 1341 2506 uxorem
1364 2464 1576 2506 Arnulfus
1598 2464 1664 2505 vir
1686 2463 1808 2505 nobi-

310 2537 522 2588 lissimus,
543 2546 668 2594 pater
691 2536 908 2596 Ansegili.
939 2537 1046 2577 Post
1085 2537 1388 2596 Dagobertum
1417 2535 1619 2596 regnavit
1653 2535 1808 2578 Clodo-

351 2686 386 2723 u)
403 2683 563 2723 regnavit
584 2684 622 2716 D,
640 2684 674 2719 F,
693 2683 731 2713 G.
773 2701 814 2706 -—-
846 2683 880 2722 v)
897 2682 1119 2712 Karithberto
1141 2683 1177 2716 F,
1195 2683 1233 2713 G.
1269 2701 1310 2705 --
1329 2683 1361 2715 Χ)
1384 2682 1569 2712 ΒειΗίΙάοῐη
1586 2683 1623 2717 Ε,
1647 2683 1682 2718 F,
1706 2682 1745 2713 G.
1769 2700 1810 2705 -—

309 2728 343 2766 ))
365 2727 433 2755 ista
449 2723 547 2755 'deest
568 2726 605 2759 D,
625 2726 661 2760 E,
681 2725 716 2759 F,
734 2724 773 2754 G.
790 2742 831 2747 —
844 2726 874 2765 z)
896 2724 1036 2755 civitate
1051 2725 1089 2759 Ι),
1114 2725 1148 2757 F.
1167 2725 1205 2755 G.
1228 2743 1269 2747 —
1283 2725 1316 2763 a)
1332 2724 1516 2763 Ansegilus
1531 2726 1568 2754 A.
1585 2743 1626 2746 —
1639 2724 1674 2764 b)
1696 2735 1755 2753 rex
1770 2724 1805 2753 F.

308 2786 349 2791 —-
369 2769 398 2808 c)
414 2771 447 2797 et
467 2767 649 2798 evacuavit
670 2766 797 2796 lineam
820 2767 855 2801 F,
873 2766 911 2796 G.
942 2784 982 2788 -
1008 2766 1042 2805 d)
1064 2766 1200 2806 regium
1221 2766 1257 2801 F,
1281 2766 1319 2796 G.
1348 2784 1389 2788 —-
1408 2768 1438 2802 e)
1460 2767 1503 2795 Ce
1524 2769 1592 2795 mot
1618 2769 1668 2796 est
1689 2768 1807 2807 asoxtte'

306 2820 372 2850 par·
392 2820 455 2838 une
470 2811 566 2838 autre
587 2809 677 2838 main
701 2807 788 2837 dans
808 2810 846 2837 A.
872 2807 901 2837 Il
920 2818 1064 2847 mamque
1085 2808 1172 2837 dans
1194 2811 1267 2837 tous
1290 2808 1336 2837 les
1358 2810 1472 2836 autres
1496 2818 1575 2836 mss.
