1908 3256
338 286 387 321 3ss
859 297 1040 322 ¹>sni-:muti
1074 294 1311 320 ‹tiiizoxicox

340 399 562 438 suggerere
586 386 838 431 simularent,
879 385 1092 423 abstractis
1118 382 1361 421 scramsaxis
1385 391 1554 433 utraque
1577 381 1612 420 ei
1629 381 1755 420 latera
1775 381 1834 419 se-

339 452 461 489 riunt.
485 450 537 490 At
559 451 625 489 ille
644 452 873 489 vociferans
896 465 939 488 ac
957 464 1169 494 corruens,
1191 449 1323 486 emisit
1342 448 1546 499 spiritum,
1564 456 1830 499 mortuusque

339 526 413 556 est.
429 516 515 555 Illic
534 526 571 555 et
586 517 811 555 homicidae
828 517 885 554 illi
903 524 1159 555 corruerunt.
1175 514 1433 565 Chilperi‹·us
1451 526 1624 564 namque
1640 512 1829 550 nesciens

338 592 539 622 mortuum
563 597 653 622 esse
678 584 840 621 fratrem
870 597 1002 628 suum,
1027 583 1193 620 timebat
1214 580 1290 617 alia
1312 580 1375 617 die
1400 587 1595 630 sequente
1633 593 1654 616 a
1695 578 1830 616 fratris

338 649 452 687 hoste
476 663 518 687 se
540 649 776 701 hoccupari,
801 662 1016 700 usquequo
1041 646 1323 697 Fredegondis
1363 645 1422 682 rei
1444 645 1654 682 veritatem
1677 644 1713 682 ei
1735 657 1831 696 pre·-

337 715 452 760 dixit,
477 723 677 752 mortuum
701 728 791 752 esse
815 715 979 752 fratrem
1004 727 1135 751 suum.
1162 712 1275 749 Tune
1309 724 1504 762 egressus
1528 710 1788 762 Chilpericus
1811 723 1831 747 a

337 780 522 818 Turnaco
538 779 549 801 s
571 794 659 818 cum
682 794 806 818 uxore
829 794 901 817 sua
923 793 966 817 ac
991 778 1160 831 populo,
1182 777 1374 815 vestitum
1398 776 1659 829 Sigebertum
1698 775 1829 814 vesti—

336 847 411 883 bus
433 846 586 884 ornatis
608 847 715 897 apud
748 845 946 883 Lambros
968 845 1101 882 vicum
1138 843 1340 895 sepelivit.
1367 842 1484 881 Unde
1512 851 1658 894 postea
1701 841 1826 880 Sues-

337 912 463 949 sionis
487 912 526 948 in
546 911 713 949 basilica
735 911 871 949 Sancti
894 910 1079 948 Medardi
1097 908 1212 961 juxta
1234 918 1389 960 patrem
1420 922 1537 946 suum
1578 908 1830 946 Clothariuin

336 977 520 1028 sepultus
543 986 617 1015 est.
643 977 829 1015 Mortuus
853 986 914 1015 est
937 985 1067 1014 autem
1090 989 1194 1013 anno
1214 980 1325 1012 XI111⁰
1344 975 1460 1026 regni
1478 974 1555 1012 sui.
1577 973 1650 1012 Illo
1667 987 1830 1026 quoque

337 1052 508 1088 mortuo,
534 1043 813 1080 Brunichildis
848 1056 936 1080 cum
975 1042 1069 1079 filiis
1109 1041 1193 1079 suis
1235 1040 1421 1078 Parisius
1463 1040 1670 1078 residebat
1711 1039 1831 1091 plena

335 1108 458 1154 luctu,
484 1109 670 1145 nesciens
694 1108 792 1159 quid
815 1121 935 1159 agere
957 1108 1139 1145 deberet.
1165 1106 1434 1144 Gundoaldus
1473 1114 1605 1144 autem
1645 1106 1727 1144 dux
1765 1105 1831 1142 ad-

335 1174 581 1225 prehensum
606 1173 913 1211 Childebertum
935 1173 1060 1210 filium
1080 1171 1166 1223 ejus
1189 1172 1403 1223 parvulum
1423 1172 1561 1210 furtim
1579 1184 1654 1223 per
1670 1179 1829 1209 noctem

335 1239 514 1284 abstulit,
539 1248 576 1277 et
599 1253 687 1276 cum
711 1253 757 1277 eo
776 1239 816 1276 in
838 1238 1034 1276 Austrum
1055 1238 1170 1289 fugit.
1197 1237 1473 1289 Collectisque
1496 1237 1688 1290 gentibus
1708 1250 1834 1288 super

335 1319 434 1355 quas
455 1313 569 1356 pater
590 1303 676 1356 ejus
698 1313 955 1356 regnaverat,
978 1317 1114 1356 regem
1140 1318 1229 1341 eum
1258 1303 1574 1342 constituerunt.

387 1373 449 1409 32.
473 1393 523 1398 -—-
543 1370 802 1422 Chilpericus
841 1384 939 1408 vero
980 1383 1051 1408 rex
1090 1370 1275 1407 Pal-isius
1314 1370 1486 1408 veniens
1528 1369 1830 1422 apprehensam

334 1436 639 1473 Brunichildem
663 1437 770 1488 apud
793 1436 1022 1474 Rodomum
1047 1436 1249 1473 civitatem
1289 1435 1330 1473 in
1371 1435 1492 1473 exilio
1515 1435 1699 1482 retrusit,
1740 1434 1830 1473 the-

335 1515 560 1553 saurosque
584 1500 670 1553 ejus
694 1515 797 1553 quos
819 1501 1005 1539 Parisius
1042 1501 1256 1548 detulerat,
1299 1501 1482 1548 abstulit,
1522 1510 1561 1540 et
1598 1501 1702 1539 filias
1744 1499 1831 1553 ejus

334 1567 481 1604 Meldis
505 1568 603 1604 urbe
625 1567 754 1605 teneri
776 1567 975 1619 precepit.
1003 1567 1264 1619 Chilpericus
1281 1567 1388 1605 enim
1403 1567 1530 1605 filium
1551 1581 1670 1606 suum
1691 1565 1831 1605 Mero-

333 1646 450 1670 veum
474 1647 562 1670 cum
586 1633 764 1670 exercitu
789 1633 893 1671 ultra
914 1633 1104 1685 Ligerem
1126 1633 1281 1685 dirigit.
1312 1632 1366 1671 At
1386 1633 1470 1680 ille,
1495 1633 1638 1671 relicta
1660 1632 1832 1671 ordina-

333 1699 442 1735 tione
476 1699 620 1750 patris,
658 1700 751 1736 dum
786 1712 860 1750 per
896 1698 1233 1737 Cinomannicum
1274 1713 1467 1737 reversus
1508 1708 1677 1738 matrem
1717 1712 1830 1737 suam

334 1763 591 1802 Audoveram
613 1765 779 1802 visitare
803 1778 846 1802 se
868 1765 1055 1816 fingeret,
1092 1765 1365 1817 Rotomagum
1401 1765 1605 1803 civitatem
1643 1764 1829 1809 veniens,

335 1830 390 1868 ibi
424 1829 680 1866 Brunichildi
709 1830 850 1881 regine
885 1828 1162 1882 conjungitur,
1201 1844 1370 1882 eamque
1409 1831 1487 1869 sibi
1521 1830 1562 1868 in
1597 1828 1831 1882 conjugium

337 1895 554 1947 copulavit.
580 1895 665 1932 Hec
687 1896 856 1933 audiens
893 1895 1168 1947 Chilpericus‚
1188 1897 1299 1947 quod
1335 1896 1491 1935 scilicet
1525 1905 1666 1934 contra
1699 1896 1758 1934 fas
1795 1903 1842 1933 et.

335 1960 466 2012 legem
489 1961 722 1998 canonicam
744 1975 911 1998 uxorem
934 1962 1121 1999 avunculi
1139 1962 1200 1999 sui
1218 1962 1460 2014 accepisset,
1496 1962 1617 2000 nimis
1640 1974 1800 1999 amarus
1815 1969 1834 1995 b*

337 2027 576 2064 festinanter
615 2027 664 2063 ad
687 2026 817 2078 ipsam
840 2028 981 2064 urbem
1004 2027 1199 2078 perrexit.
1227 2027 1290 2065 Illi
1311 2041 1409 2066 vero
1433 2042 1523 2066 cum
1541 2027 1834 2080 cognovissent

337 2093 446 2144 quod
469 2105 538 2129 eos
562 2105 752 2143 separare
771 2093 1023 2138 dec-erueret,
1048 2093 1097 2130 ad
1134 2093 1345 2131 basilicam
1382 2093 1519 2132 Sancti
1554 2092 1721 2131 Martini
1755 2105 1832 2144 que

337 2166 399 2195 est
419 2157 566 2209 ligneis
589 2157 738 2195 tabulis
762 2171 887 2209 super
909 2171 1067 2196 murum
1089 2167 1323 2197 constructa
1351 2159 1606 2211 confugiunt.
1628 2159 1717 2197 Rex
1735 2171 1833 2196 vero

338 2237 426 2260 cum
449 2237 518 2260 eos
540 2236 614 2275 per
636 2223 845 2274 ingenium
866 2223 959 2261 inde
977 2222 993 2244 ¹¹
1023 2224 1153 2262 eicere
1176 2239 1257 2263 non
1279 2234 1438 2277 posset,
1462 2225 1606 2263 dolose
1629 2225 1688 2263 eis
1722 2223 1834 2276 jurat

337 2289 445 2340 quia,
470 2289 505 2326 si
525 2288 713 2326 voluntas
736 2302 817 2326 non
838 2289 960 2327 suerit
982 2303 1137 2337 eorum,
1161 2291 1229 2328 ille
1265 2305 1334 2329 eos
1368 2304 1627 2343 nequaquam
1663 2303 1834 2343 separa-

337 2363 410 2392 ret.
437 2353 521 2392 Hec
562 2363 814 2392 sacramenta
834 2354 892 2391 illi
915 2355 1142 2402 audientes,
1161 2357 1208 2394 de
1226 2357 1317 2408 ipsa
1338 2357 1510 2395 basilica
1531 2356 1691 2409 egressi
1709 2364 1803 2394 sunt
1821 2369 1830 2401 ;

335 2419 636 2472 osculatisquei
658 2419 815 2466 dolose,
840 2420 1018 2472 epulavit
1041 2435 1129 2459 cum
1152 2422 1225 2460 eis.
1252 2422 1353 2461 Post
1374 2436 1526 2474 paucos
1562 2430 1694 2460 autem
1728 2421 1831 2466 dies,

335 2485 427 2537 ipso
449 2484 642 2524 Meroveo
665 2495 891 2537 assumpto,
919 2485 1155 2525 Suessionis
1179 2488 1382 2527 civitatem
1404 2489 1540 2527 rediit.
1561 2488 1664 2526 Cum
1682 2487 1832 2526 ibidem

337 2560 606 2597 morarentur,
631 2552 679 2589 de
703 2551 925 2603 Campania
945 2552 1083 2590 hostes
1107 2554 1357 2606 colliguntur
1379 2563 1520 2593 contra
1537 2554 1831 2606 Chilpericum.

339 2616 409 2655 Ille
433 2617 621 2655 similiter
643 2617 864 2655 exercitum
894 2618 1125 2665 commovit,
1163 2621 1212 2657 ad
1244 2634 1424 2672 pugnam
1460 2620 1623 2659 direxit.
1661 2617 1836 2671 Campa-

339 2803 345 2816 !
381 2761 404 2799 s,
429 2760 584 2832 Torpacg
602 2759 637 2790 F.
655 2759 744 2790 G.-
761 2760 795 2801 g)
819 2770 938 2789 amaro
960 2760 1076 2791 animo
1093 2762 1127 2795 κ’,
1151 2761 1241 2792 G.—
1262 2762 1297 2802 h)
1318 2762 1398 2793 inde
1418 2763 1512 2793 deest
1532 2763 1566 2799 F,
1585 2762 1713 2805 G.-i)
1733 2774 1836 2794 oscu-

339 2813 483 2842 .ansque
511 2814 535 2836 ⁴,
591 2824 597 2830 .
