1908 3256
732 330 849 355 Lmssn
882 330 1034 355 PRIMUS
1572 325 1617 358 Μ

130 414 360 456 Martialis.
405 415 460 456 Et
494 416 719 457 canonicis
751 416 901 458 Sancti
932 415 1146 472 Stephani
1190 416 1310 457 dedit
1356 418 1500 459 villain
1536 436 1618 476 quc

132 489 294 530 dicitur
312 488 688 531 Salanniacensis¹
715 499 756 532 et
784 490 993 532 remeavit
1016 489 1058 530 in
1076 490 1320 535 Franciam,
1341 505 1377 534 et
1403 498 1621 536 celebravit

133 563 343 601 Nathalem
372 572 410 601 et
431 563 589 601 Pascha
611 564 650 601 in
674 564 892 616 Longlare.
916 564 1028 601 Tunc
1059 563 1218 601 Tassilo
1240 565 1318 601 dux
1342 565 1620 616 Bajoariorum

130 631 367 683 postposuit
398 641 651 669 sacramenta
685 641 723 670 et
746 632 878 670 omnia
902 645 978 682 que
1010 632 1253 682 promiserat
1290 633 1374 683 regi
1411 634 1557 685 l'ipino
1587 642 1624 672 ct

131 710 206 748 per
227 696 371 734 malum
393 697 602 748 ingenium
626 711 667 734 se
690 697 783 734 inde
805 695 996 734 seduxits.
1023 696 1073 733 Et
1092 697 1217 733 dum&
1240 698 1410 749 l'ipinus
1426 713 1494 736 rex
1518 710 1625 738 esset

131 765 172 802 in
193 764 425 816 Aquitania,
450 765 539 816 ipse
561 766 720 803 Tassilo
736 779 810 816 per
832 765 995 816 ingenia
1016 765 1267 802 fraudulenta
1290 780 1331 803 sc
1364 768 1622 813 subtrahens,

133 829 361 881 Bajoariam
382 831 499 882 petiit
518 840 798 882 etnumquam
821 831 994 882 amplius
1020 831 1158 868 faciem
1182 832 1404 882 supradicti
1427 834 1536 884 regis
1568 835 1623 871 vi-

134 899 230 936 dere
251 898 392 936 voluit.
419 899 532 936 Tunc
547 899 720 950 Pipinus
744 899 882 936 habuit
902 899 1093 949 placitum
1117 913 1232 936 suum
1272 901 1320 937 ad
1359 901 1625 939 warmatiam

133 973 172 1002 et
187 964 277 1015 ipso
299 978 405 1002 anno
429 965 470 1002 in
487 965 698 1002 Franciam
720 965 891 1011 resedit,
915 973 1168 1015 pertractans
1193 965 1289 1016 quid
1312 967 1460 1004 faceret
1487 976 1627 1005 contra

133 1032 377 1070 Waiserium
400 1042 438 1071 et
460 1033 730 1077 Tassilonem,
758 1041 796 1070 et
827 1033 1045 1070 celebravit
1067 1033 1274 1071 Nathalem
1316 1043 1353 1072 et
1394 1035 1548 1072 Pascha
1587 1037 1626 1073 in

135 1097 345 1136 Carisiaco
365 1098 678 1150 villa.Sequenti
691 1112 795 1136 anno
808 1098 999 1150 placitum
1022 1112 1137 1136 suum
1159 1098 1295 1136 habuit
1317 1101 1365 1136 ad
1384 1100 1626 1138 Attiniacum

138 1166 273 1203 villam
302 1175 340 1204 et
360 1167 515 1204 nullum
537 1167 645 1205 aliud
667 1168 744 1204 iter
766 1167 857 1204 fecit
879 1176 916 1204 et
938 1167 1155 1204 celebravit
1192 1167 1372 1205 Natalem
1413 1177 1451 1206 et
1474 1169 1628 1206 Pascha

133 1231 174 1268 in
194 1232 436 1282 Aquisvilla.
453 1232 545 1270 Alio
568 1246 673 1271 anno
687 1246 757 1270 rex
774 1232 946 1283 Pipinus
964 1232 1121 1283 perexit
1140 1232 1280 1283 quinta
1300 1233 1385 1270 vice
1401 1234 1440 1270 in
1458 1234 1628 1285 Aquita-

133 1300 239 1337 niam
255 1308 294 1337 et
308 1300 502 1351 placitum
525 1314 641 1338 suum
657 1300 796 1338 habuit
811 1300 850 1337 in
867 1300 1098 1337 Aurelianis
1115 1300 1288 1346 civitate,
1307 1309 1343 1338 ct
1359 1310 1533 1339 castrum
1550 1302 1629 1339 Ar-

134 1374 370 1417 gentomum
413 1367 523 1418 quod
556 1366 780 1403 Waiserius
828 1367 1085 1403 destruxerat
1110 1367 1366 1411 restauravit,
1390 1376 1428 1404 et
1451 1367 1628 1405 Francos

135 1431 220 1470 ibih
260 1433 370 1471 misit
402 1434 470 1485 qui
507 1434 765 1471 continerent
798 1433 1068 1485 Aquitaniam.
1112 1434 1308 1471 Similiter
1350 1435 1388 1471 in
1429 1435 1628 1472 Bituricus

140 1498 389 1537 Francorum
425 1513 580 1537 scaram
620 1499 834 1537 collocavit
867 1508 904 1536 et
945 1499 1165 1537 celebravit
1193 1500 1373 1537 Natalem
1403 1500 1565 1538 Domini
1587 1501 1627 1538 in

139 1566 410 1605 salmontiaco
432 1567 542 1614 villa,
568 1576 606 1605 et
633 1567 791 1605 Pascha
818 1568 858 1604 in
881 1567 1122 1605 Gentiliaco.

190 1640 253 1676 59.
278 1661 329 1666 —
350 1639 439 1676 Rex
458 1652 555 1677 vero
579 1639 751 1690 Pipinus
774 1639 814 1676 in
837 1638 1064 1677 Gentiliaco
1087 1638 1223 1676 habuit
1244 1639 1435 1690 placitum
1459 1649 1494 1677 et
1517 1641 1630 1678 sino-

136 1707 229 1744 dum
253 1706 460 1758 magnami
482 1707 590 1745 inter
627 1707 834 1745 Romanos
858 1716 896 1745 et
918 1708 1073 1745 Grecos
1090 1716 1128 1745 et
1148 1706 1375 1758 Aquitanos
1393 1717 1430 1746 et
1453 1709 1630 1747 Francos

138 1774 186 1810 de
208 1773 288 1810 fide
313 1782 450 1811 sancte
474 1773 687 1811 Trinitatis
711 1782 749 1811 et
777 1774 825 1811 de
849 1782 1081 1811 sanctorum
1104 1773 1348 1825 imaginibus
1371 1788 1447 1824 que
1469 1788 1631 1825 ponun-

137 1849 202 1878 tur
223 1841 264 1878 in
286 1841 488 1886 ecclesiis,
515 1850 553 1880 et
573 1851 717 1892 postea
737 1851 878 1880 contra
894 1841 1136 1879 XVaiferium
1158 1842 1293 1893 pergit
1314 1842 1354 1879 in
1375 1843 1630 1893 Aquitaniam

138 1906 327 1957 cepitque
349 1921 538 1959 pugnans
561 1908 808 1954 Narbonam,
834 1916 873 1945 et
894 1907 1127 1952 Tholosam‚
1162 1916 1199 1945 et
1237 1907 1473 1945 Albiensem
1513 1917 1631 1959 atque

139 1974 430 2021 Gavafflanum,
455 1984 494 2013 et
515 1989 707 2013 reversus
730 1985 792 2014 est
813 1976 853 2013 in
877 1966 1102 2022 Franciam‚
1120 1985 1157 2013 et
1179 1976 1399 2014 celebravit
1415 1976 1571 2014 Pascha
1591 1976 1631 2013 in

138 2038 294 2077 Vienna
317 2040 491 2078 civitate.
518 2040 676 2079 Eodem
698 2055 818 2088 anno,
842 2055 981 2079 mense
1003 2050 1191 2093 augusto,
1220 2042 1365 2079 iterum
1397 2051 1508 2079 sexta
1546 2042 1632 2079 vice

137 2117 331 2160 properat
370 2108 645 2160 Aquitaniam,
683 2118 719 2147 et
766 2110 969 2148 Bituricas
998 2110 1125 2148 tenuit
1163 2110 1351 2147 sinodum
1386 2124 1500 2147 suum
1543 2123 1630 2147 cum

141 2174 332 2212 omnibus
357 2174 542 2222 Francis,
568 2189 680 2213 more
707 2176 828 2213 solito
845 2176 885 2213 in
907 2190 1063 2227 campo.
1089 2176 1185 2213 Inde
1207 2176 1284 2214 iter
1302 2189 1480 2227 pergens
1502 2189 1630 2227 usque

139 2241 371 2280 Garonnam
395 2243 597 2294 pervenit,
623 2252 661 2281 et
682 2243 828 2281 multas
852 2257 968 2281 rocas
991 2252 1029 2281 et
1056 2244 1270 2294 speluncas
1303 2243 1562 2295 conquisivit,
1594 2251 1632 2280 et

138 2319 330 2345 reversus
370 2321 445 2359 per
479 2307 716 2346 Lemovicas
758 2309 861 2359 cepit
895 2317 1070 2346 castrum
1111 2307 1367 2346 Scoralliamj
1392 2317 1429 2346 et
1452 2308 1630 2346 Torren-

139 2388 230 2412 nam
247 2375 276 2420 ¹³,
302 2385 340 2414 et
363 2376 609 2423 Petrueiam,
634 2385 672 2415 et
688 2376 907 2414 celebravit
928 2377 1110 2414 Natalem
1140 2377 1303 2414 Domini
1338 2377 1376 2413 in
1410 2376 1628 2414 Bituricas.

138 2439 339 2492 Sequenti
363 2456 467 2480 anno
496 2443 668 2480 domnus
692 2442 864 2493 Pipinus
885 2442 978 2494 pius
995 2443 1166 2494 septima
1185 2443 1272 2481 vice
1302 2442 1437 2494 pergit
1465 2441 1630 2494 Aquita-

179 2583 204 2624 s)
225 2582 347 2614 deinde
368 2584 536 2615 subduxit
558 2583 593 2620 F,
617 2584 657 2616 G.
682 2602 720 2607 ——
742 2584 778 2625 g)
798 2585 880 2614 dum
902 2584 1048 2614 domnus
1072 2584 1108 2619 F,
1132 2583 1171 2616 G.
1195 2602 1234 2607 —
1249 2584 1284 2623 h)
1307 2583 1373 2613 sibi
1395 2585 1432 2613 A.
1456 2601 1493 2606 —
1515 2583 1538 2624 i)
1561 2594 1630 2613 ma-

138 2635 246 2665 gnum
266 2627 304 2662 A,
328 2627 366 2662 D,
389 2627 426 2656 E.
452 2644 487 2649 --
505 2626 531 2666 j)
555 2626 746 2656 Coralliam
763 2626 799 2661 F,
823 2627 867 2658 G.
893 2644 932 2649 —
954 2627 989 2666 k)
1011 2627 1205 2656 Torennam
1229 2626 1261 2661 1³,
1286 2627 1325 2657 G.

183 2828 215 2859 1.
247 2828 422 2869 Solignac,
439 2832 529 2858 caut.
552 2832 585 2857 et
600 2838 668 2858 arr.
693 2827 864 2869 Limoges.
