1908 3256
275 272 298 306 ἑ)
314 272 337 307 8
809 283 995 308 ADssMAm
1027 283 1270 310 cunoxlcox

274 375 585 426 oppugnatione
607 373 818 426 cujusdam
842 374 1000 426 oppidi,
1025 387 1115 411 cum
1142 373 1332 425 plurimis
1373 373 1584 412 Danorum
1619 376 1788 427 primo-

275 439 388 478 ribus
412 440 655 478 interfectus
704 448 779 478 cst.
821 440 951 478 Filius
988 448 1121 477 autem
1158 439 1418 491 imperatoris
1457 439 1620 478 Albiam
1658 450 1786 493 ponte

268 504 420 557 junxit,
443 514 483 544 et
505 507 554 544 ad
579 506 762 545 Linones
798 514 836 544 et
865 505 1128 557 Smeldingos
1166 506 1235 557 qui
1275 506 1324 543 ad
1355 505 1496 544 Danos
1534 507 1786 555 defecerant,

274 571 466 610 celeriter
488 572 616 618 venit,
638 581 676 610 et
695 572 907 624 populatis
931 571 1014 609 illis
1049 572 1385 623 circumquaque,
1426 572 1602 610 transito
1638 573 1785 611 iterum

275 636 458 684 flumine,
485 652 575 675 cum
598 638 796 676 incolomi
835 638 1016 675 exercitu
1040 637 1081 675 in
1111 637 1328 675 Saxoniam
1369 651 1411 675 se
1452 638 1621 690 recepit.
1658 638 1790 677 Erant

276 716 366 740 cum
399 703 614 742 Gotefrido
648 704 688 741 in
717 704 979 755 expeditione
1023 703 1158 741 Sclavi
1198 704 1267 755 qui
1304 704 1497 742 dicuntur
1530 703 1675 750 wilzi,
1718 704 1788 756 qui

274 777 449 820 propter
471 770 659 821 antiquas
675 770 914 807 inimicitias
934 783 1036 820 quas
1060 783 1149 807 cum
1169 768 1386 807 Abodritis
1410 769 1562 808 habere
1585 770 1789 816 solebant,

279 843 427 885 sponte
448 849 490 873 se
511 835 642 887 copiis
667 834 754 887 ejus
778 834 1095 887 conjunxerant,
1112 835 1181 886 qui
1207 835 1398 873 similiter
1418 836 1467 873 ad
1482 836 1654 888 propria
1674 837 1792 888 fuge-

282 909 392 937 runt.
421 900 662 939 Gotefridus
682 915 795 949 vero,
816 902 1028 939 destructo
1053 901 1238 952 emporio
1259 902 1370 952 quod
1397 901 1437 938 in
1470 901 1624 939 Oceani
1655 902 1793 941 littore

283 966 550 1004 constitutum
588 967 728 1019 lingua
750 967 960 1005 Danorum
984 967 1107 1005 Reric
1130 967 1295 1013 dicitur,
1322 976 1359 1005 et
1392 981 1540 1019 magno
1572 982 1701 1020 regno
1735 968 1794 1006 illi

284 1033 610 1070 commoditatem
639 1033 902 1085 vectigalium
933 1047 1008 1084 per
1040 1033 1286 1070 solutionem
1323 1035 1573 1084 praestabat,
1612 1034 1706 1072 inde
1745 1035 1794 1072 ad

282 1106 444 1148 portum
469 1098 660 1150 Liestrop
682 1099 870 1144 veniens,
891 1099 1043 1137 vallum
1065 1099 1120 1136 ibi
1141 1099 1354 1137 constituit
1376 1100 1425 1136 ab
1443 1099 1645 1137 Orientali
1671 1100 1793 1138 maris

286 1163 401 1200 sinu⁰
424 1178 544 1214 quein
566 1164 625 1201 illi
649 1165 886 1203 Ostarsalzll
903 1174 1210 1216 vocant,usque
1227 1166 1276 1202 ad
1292 1165 1587 1203 occidentalem
1598 1179 1793 1204 oceanum

285 1237 410 1266 totam
434 1230 564 1281 ripam
598 1230 724 1268 cinxit
756 1230 880 1277 vallo,
918 1231 1089 1268 dimissa
1118 1244 1198 1268 una
1234 1239 1389 1269 tantum
1422 1240 1542 1283 porta
1573 1245 1649 1283 per
1674 1245 1794 1283 quam

281 1295 389 1332 carri
415 1303 453 1332 et
473 1295 633 1347 equites
658 1297 784 1334 emitti
809 1306 847 1334 et
868 1297 997 1348 recipi
1016 1306 1204 1349 possent.
1238 1297 1398 1335 Interea
1431 1311 1503 1335 rex
1543 1298 1794 1335 Nordanim-

279 1362 446 1397 brorum
463 1366 492 1407 sl,
515 1361 555 1398 id
578 1370 640 1399 est
659 1363 708 1399 de
727 1362 930 1408 Irlandar‚
956 1362 1091 1400 insula
1111 1362 1323 1399 Britannie
1346 1362 1374 1409 ¹,
1398 1362 1562 1400 nomine
1606 1362 1793 1410 EadulsS,

278 1439 407 1477 regno
430 1426 594 1477 pulsus,
619 1429 669 1465 ad
688 1428 980 1479 imperatorem
996 1429 1123 1475 venit,
1141 1429 1235 1466 dum
1252 1428 1383 1466 adhuc
1399 1428 1653 1480 Noviomago
1666 1442 1795 1466 mora-

278 1500 405 1538 retur,
421 1501 458 1530 et
480 1494 683 1544 patefacto
704 1494 871 1546 negotio
895 1508 985 1541 suo,
1000 1494 1170 1532 Romam
1195 1494 1333 1540 venit;
1355 1493 1568 1545 Romaque
1588 1494 1754 1532 rediens
1770 1496 1794 1540 ¹,

283 1570 357 1607 per
380 1557 539 1609 legatos
567 1558 719 1596 Leonis
739 1573 843 1611 pape
867 1569 905 1598 et
923 1560 1091 1611 dompni
1113 1559 1377 1611 imperatoris
1398 1559 1439 1597 in
1461 1573 1634 1611 regnum
1677 1573 1796 1598 suum

283 1623 505 1669 deductus,
531 1624 755 1664 honorifice
779 1635 972 1678 receptus
1010 1635 1086 1664 est.
1121 1626 1300 1678 Legatus
1336 1639 1455 1677 pape>
1483 1626 1557 1664 suit
1587 1625 1794 1673 Aldulfus,

281 1689 502 1736 diaconus,
527 1691 576 1727 de
598 1691 691 1742 ipsa
717 1691 949 1740 Britannia,
974 1693 1138 1731 natione
1163 1693 1284 1739 Saxo,
1308 1700 1346 1730 et
1381 1693 1498 1730 missi
1533 1691 1796 1744 imperatoris

282 1755 448 1793 fuerunt
469 1756 550 1793 duo
572 1758 741 1796 abbates
770 1758 1005 1797 Rucsredus
1047 1767 1085 1796 et
1124 1758 1386 1796 Nantariusu.
1427 1757 1655 1810 Imperator
1678 1771 1794 1803 vero,

284 1820 486 1858 edificatis
507 1835 584 1872 per
604 1823 764 1875 legatos
789 1839 886 1862 suos
925 1826 1088 1863 duobus
1111 1825 1293 1862 castellis
1316 1824 1365 1861 ad
1386 1823 1522 1862 Albim
1551 1824 1734 1870 fluvium,
1758 1831 1797 1861 et

286 1887 472 1937 presidio
495 1887 537 1926 in
558 1888 617 1927 eis
646 1898 788 1929 contra
828 1891 1069 1929 Sclavorum
1114 1890 1375 1928 incursiones
1410 1890 1601 1942 deposito
1614 1895 1644 1936 v,
1662 1888 1795 1940 Aquis

287 1952 482 1992 hiemavit
545 1963 584 1993 et
647 1956 704 1994 ibi
769 1957 995 1995 celebravit
1033 1957 1218 1996 Natalem
1278 1957 1447 1995 Domini
1508 1965 1547 1995 et
1613 1963 1795 1994 sanctum

285 2018 458 2057 Pascha.

341 2087 471 2124 21.-
493 2087 608 2126 Tunc
648 2088 795 2126 classis
818 2090 868 2127 de
892 2089 1257 2141 Constantinopoli
1293 2089 1418 2127 missa
1455 2090 1590 2141 primo
1630 2089 1796 2128 Dalma-

285 2150 397 2198 tiam,
415 2152 509 2190 dein
529 2153 741 2192 Venetiam
759 2154 932 2206 appulit,
957 2155 1051 2193 inde
1080 2157 1126 2193 ad
1159 2155 1332 2193 insulam
1362 2155 1628 2194 Comiadum¹
1658 2168 1794 2193 acces-

287 2216 399 2263 sit,et
415 2219 636 2257 commisso
654 2219 788 2271 prelio
811 2234 901 2258 cum
924 2221 1158 2259 castellanis
1178 2221 1445 2267 Francorum,
1462 2221 1568 2259 victa
1583 2229 1621 2259 et
1639 2222 1791 2273 fugata,

285 2281 497 2321 Venetiam
525 2285 662 2323 rediit.
689 2285 843 2324 Paulus
872 2294 1007 2324 autem
1039 2288 1120 2325 dux
1147 2287 1216 2338 qui
1254 2286 1377 2325 classi
1410 2295 1593 2338 preerat,
1612 2300 1702 2325 cum
1744 2287 1793 2324 de

283 2360 383 2399 pace
406 2349 514 2388 inter
537 2350 718 2390 Francos
739 2360 778 2390 et
793 2351 952 2391 Grecos
976 2353 1279 2401 constituenda,
1301 2353 1423 2405 quasi
1458 2352 1536 2391 hoc
1568 2352 1648 2391 sibi
1687 2359 1799 2391 esset

326 2467 359 2505 o)
382 2467 478 2498 sinus
501 2470 537 2500 Α,
562 2470 600 2502 D.
619 2471 654 2505 F,
673 2470 709 2502 G.
735 2489 772 2493 —-
794 2473 829 2513 p)
852 2471 1016 2501 Ostarsul
1041 2472 1079 2507 F,
1108 2473 1149 2504 G.
1167 2490 1206 2495 -—
1227 2475 1263 2513 q)
1296 2472 1672 2502 Nordanhumbrorum
1693 2472 1730 2509 F,
1754 2470 1795 2503 G·

285 2527 323 2530 —
345 2517 373 2547 r)
397 2510 591 2550 Hyrlandiss
614 2513 650 2547 F’
675 2514 715 2544 G·
740 2532 778 2536 “
795 2520 822 2554 S)
847 2514 979 2544 EadUIZ
998 2513 1032 2550 F»
1051 2514 1091 2550 G,
1114 2532 1155 2538 ·-
1175 2515 1201 2554 t)
1222 2515 1423 2555 regrediens
1441 2514 1527 2545 F.—-
1542 2516 1578 2555 u)
1601 2515 1795 2555 Legatus..-

285 2550 473 2623 {gangim
495 2554 587 2583 deest
608 2555 645 2584 E.
673 2573 710 2577 -—
726 2556 759 2596 v)
776 2555 954 2596 disposito
977 2556 1015 2591 E,
1039 2556 1079 2587 G.
1104 2575 1144 2579 —
1165 2557 1198 2597 x)
1221 2557 1492 2586 Commeandum
1512 2556 1548 2593 1⁴¹,
1572 2557 1612 2588 G.
1631 2556 1797 2615 Comia'u-

332 2749 364 2780 1.
394 2749 438 2779 Ce
478 2752 631 2781 membre
671 2752 712 2782 de
744 2753 875 2794 phrase
916 2754 1040 2794 depuis
1068 2757 1214 2789 Interea,
1251 2754 1387 2795 signale
1420 2765 1485 2795 par
1511 2754 1621 2785 Waitz
1650 2754 1696 2795 (p.
1721 2754 1793 2796 118)

290 2801 423 2821 comme
439 2792 602 2832 original,
627 2798 679 2823 ost
696 2795 783 2824 dans
805 2795 855 2824 les
877 2796 1040 2831 Annales,
1070 2797 1123 2826 ed.
1149 2797 1256 2829 Pertz,
1281 2808 1314 2836 p.
1341 2797 1410 2826 195.
