1908 3256
679 330 793 354 minzi:
831 331 982 355 pumirs
1523 325 1565 357 221

82 417 244 454 nienses
267 416 387 453 nimis
411 417 508 461 cesi,
534 418 573 454 in
596 420 728 469 sugam
754 419 1002 463 dilabuntur,
1029 420 1257 470 multosque
1283 421 1334 457 ibi
1360 422 1570 458 nobilissi-

84 495 169 519 mos
203 481 314 518 viros
349 481 509 519 occidit.
547 482 633 530 Que
669 493 884 534 postquam
920 493 1006 522 acta
1046 494 1153 526 sunt,
1197 498 1267 522 rex
1311 485 1568 536 Chilpericus

85 555 252 599 propter
291 545 616 598 conjugationem
654 549 933 586 Brunichildis
976 550 1040 587 vel
1083 550 1290 594 maleficia,
1334 551 1569 588 Meroveum

84 620 318 663 suspectum
341 612 525 650 habebat.
552 613 602 651 Et
623 627 814 651 reversus
838 616 886 651 de
909 615 998 666 ipsa
1020 615 1135 652 hoste
1159 630 1201 652 ac
1220 630 1370 667 pugna,
1391 616 1571 653 irritatus

83 694 103 716 a
127 678 410 730 Fredegunde,
435 679 680 730 expoliatum
716 694 804 717 eum
840 681 961 717 armis
998 682 1401 732 commendatumque
1436 691 1572 719 custo-

83 744 217 789 dibus,
241 752 385 781 tractat
406 744 503 795 quid
533 746 580 782 de
610 760 656 782 eo
680 747 811 783 facere
835 747 1015 783 deberet.
1044 746 1143 783 Post
1173 746 1243 783 hec
1267 761 1355 783 eum
1379 748 1508 784 tondit
1530 761 1572 784 ac

83 809 369 860 presbyterum
391 809 570 846 ordinari
593 811 792 861 precepit,
823 820 859 848 et
883 825 971 847 cum
994 819 1106 848 veste
1129 811 1368 848 sacerdotali
1410 825 1572 848 monas-

85 874 184 912 terio
219 872 426 918 Innisona‚
467 874 977 921 i11Cinonna11icum‚eum
1007 876 1168 919 direxit,
1205 885 1247 913 ut
1274 875 1355 912 illic
1395 876 1572 927 regulari

83 939 225 976 ordine
245 939 382 977 vivere
405 939 608 977 deheretl'.
652 940 724 978 Illo
759 950 941 992 tempore
973 941 1146 978 Sanctus
1175 940 1418 985 Germanus,
1458 940 1574 977 Pari—

85 1004 236 1042 siorum
260 1005 496 1056 episcopus,
521 1005 666 1056 plenus
689 1006 924 1051 virtutibus,
950 1006 1137 1057 migravit
1159 1006 1208 1042 ad
1235 1005 1452 1042 Dominum
1476 1014 1514 1042 et
1535 1006 1574 1043 in

85 1069 292 1107 basilicam
326 1069 462 1108 Sancti
494 1070 694 1108 Vincentii
726 1085 814 1108 cuni
837 1071 969 1123 gloria
1011 1071 1195 1122 sepultus
1219 1072 1320 1108 est¹.
1366 1070 1465 1108 Post
1504 1071 1574 1108 hec

85 1134 372 1173 Childebertus
403 1134 543 1187 junior
577 1136 822 1188 legationem
864 1138 913 1174 ad
949 1136 1225 1188 Cliilpericum
1258 1136 1366 1173 misit
1407 1144 1576 1187 propter

86 1200 405 1247 Brunichildem,
438 1211 604 1239 matrem
628 1216 756 1248 suain,
782 1211 819 1240 et
852 1203 919 1239 ille
943 1202 1108 1253 pacifice
1140 1202 1316 1239 reddidit
1338 1214 1438 1238 eam.
1463 1200 1573 1238 Tunc

85 1267 271 1313 Samson,
295 1267 402 1304 filius
426 1267 667 1319 Chilperici,
693 1277 875 1306 mortuus
898 1277 974 1306 est.

136 1335 267 1371 33.—
290 1333 548 1385 Chilpericus
572 1343 704 1372 autem
744 1348 815 1371 rex
848 1335 1148 1385 descriptiones
1184 1348 1308 1371 novas
1344 1342 1381 1371 et
1413 1346 1573 1384 graves,

84 1412 157 1450 per
191 1399 405 1437 consilium
447 1400 746 1451 Fredegundis,
784 1400 823 1437 in
859 1409 1002 1437 cuncto
1043 1414 1169 1451 regno
1212 1414 1284 1436 suo
1320 1399 1405 1436 fieri
1435 1397 1573 1450 jussit.

85 1465 187 1506 Erat
212 1464 328 1506 enim
352 1464 424 1506 illa
448 1465 606 1506 ancilla
629 1465 914 1522 nequissima,
947 1465 1040 1515 sed,
1067 1474 1249 1522 propter
1284 1462 1574 1521 pulchritudi—

84 1552 183 1577 nem
205 1536 366 1587 vultus,
393 1553 486 1577 eam
513 1553 590 1578 rex
617 1536 748 1577 nimis
783 1537 970 1587 amabat,
997 1546 1039 1577 et
1063 1536 1172 1577 mala
1195 1535 1379 1577 consilia
1402 1550 1576 1591 semper

82 1607 287 1648 audiebat
310 1608 364 1648 ab
387 1608 460 1649 illa
497 1617 538 1649 ct
568 1624 662 1649 eam
697 1607 906 1649 credebat
938 1623 1070 1664 super
1102 1623 1254 1648 omnes
1296 1606 1576 1647 consiliarios

81 1680 351 1720 Francorum
368 1678 401 1720 Β,
459 1685 539 1723 Pro
563 1686 712 1736 quibus
751 1685 1099 1736 descriptionibus
1124 1685 1253 1729 malis,
1287 1684 1414 1727 multi,
1452 1683 1571 1720 relin-

83 1760 253 1803 quentes
286 1751 420 1796 villas,
457 1751 639 1789 civitates
674 1751 737 1789 vel
772 1751 1062 1802 possessiones
1098 1751 1303 1801 proprias,
1341 1749 1417 1786 alia
1450 1762 1576 1799 regna

82 1817 308 1868 pecierunt,
333 1817 515 1854 dicentes
538 1817 681 1854 melius
717 1831 808 1854 esse
843 1816 1100 1868 peregrinari
1138 1828 1256 1866 quam
1290 1814 1359 1852 tali
1394 1812 1576 1864 periculo

85 1881 309 1934 subjacere.
347 1882 413 1920 Sic
449 1883 554 1920 enim
595 1884 723 1921 fuerat
765 1892 956 1921 statutum
979 1891 1020 1920 ut
1061 1894 1282 1933 possessor
1322 1881 1370 1917 de
1410 1879 1577 1930 propria

84 1957 191 1985 terra
212 1961 331 1985 unam
354 1949 534 1985 anforam
555 1948 639 1986 vini
661 1962 735 1999 per
757 1961 982 1999 arpennum
1011 1948 1216 1984 redderet.
1242 1945 1308 1983 Sic
1339 1953 1376 1982 et
1398 1945 1446 1981 de
1481 1943 1577 1980 reli-

84 2013 175 2064 quis
208 2013 330 2051 terris
372 2027 420 2050 ex
459 2014 651 2051 universa
693 2013 922 2051 substantia
963 2012 1178 2056 faciebant,
1224 2010 1411 2047 similiter
1450 2018 1487 2046 et
1528 2009 1576 2045 de

85 2078 297 2129 mancipiis
319 2087 463 2116 cuncta
484 2081 670 2131 agebant.
696 2078 880 2130 Populus
898 2091 994 2115 vero
1016 2077 1134 2114 valde
1163 2089 1406 2127 oppressus,
1431 2074 1576 2111 vocife-

84 2144 248 2181 rabatur
269 2145 318 2181 ad
340 2143 574 2181 Dominum.
601 2144 755 2182 Eodem
778 2153 976 2194 tempore,
1009 2156 1079 2179 rex
1103 2141 1361 2192 Chilpericus
1402 2139 1579 2190 graviter

84 2209 296 2260 egrotavit.
324 2209 413 2257 Quo
434 2218 719 2261 recuperante,
742 2209 849 2247 filius
873 2207 1127 2260 ejusjunior‚
1145 2207 1317 2244 necdum
1334 2204 1576 2256 baptizatus,

83 2283 294 2325 aegrotare
335 2275 471 2326 coepit.
517 2275 595 2323 Qui
634 2275 861 2326 baptizatus
908 2274 976 2312 vix
1018 2273 1222 2310 convaluit
1255 2273 1459 2321 fraterque
1493 2267 1578 2320 ejus

85 2339 224 2377 senior
244 2340 406 2378 nomine
429 2340 704 2378 Clodobertus
728 2340 950 2391 corripitur
969 2339 1103 2377 valida
1125 2339 1215 2376 tabe
1239 2345 1276 2374 et
1300 2337 1453 2373 inorbo.
1480 2334 1579 2372 Fre-

85 2405 286 2456 degundis
307 2419 420 2451 vero,
458 2406 579 2457 plena
612 2406 752 2443 dolore
785 2405 959 2443 filiorum
993 2414 1030 2442 et
1063 2403 1231 2455 gemitu,
1268 2402 1321 2439 ait
1355 2401 1403 2438 ad
1442 2412 1576 2451 regem

85 2479 306 2521 repentens
323 2471 346 2508 ¹:
374 2488 390 2507 «
415 2471 500 2509 Nos
524 2472 592 2509 diu
617 2471 718 2509 male
739 2479 906 2523 agentes
930 2470 1059 2521 pietas
1082 2469 1218 2507 divina
1241 2474 1453 2505 sustentat.
1479 2463 1577 2501 Nam

122 2601 169 2642 Γ)
192 2602 273 2632 Post
292 2602 354 2632 hec
370 2613 448 2633 eum
468 2603 619 2632 tondit...
638 2602 753 2633 vivere
775 2602 914 2631 deberet
930 2601 1021 2630 deest
1043 2600 1123 2630 (Σ.-
1140 2600 1192 2639 k*)
1211 2600 1253 2628 [ι’
1268 2606 1417 2639 passage
1432 2593 1581 2636 original

85 2653 230 2685 marique
249 2644 338 2674 dans
359 2643 394 2675 C.
411 2663 452 2667 —
470 2645 492 2684 1)
511 2643 709 2686 repenitens
731 2644 767 2679 F,
784 2643 823 2674 G.

96 2742 1571 2759 Μ

126 2823 159 2855 1.
188 2823 277 2853 C'est
299 2823 422 2866 depuis
443 2824 514 2854 lors
536 2834 601 2865 que
624 2824 662 2853 St
683 2823 825 2854 Vincent
848 2827 899 2853 est
921 2822 1052 2852 devenu
1077 2822 1113 2850 St
1135 2816 1494 2850 Germain-des-Pres.
