1908 3256
629 332 747 357 LlBEn
778 332 931 358 putatus
1494 325 1539 360 51

54 421 265 473 colligunt,
286 420 433 459 bellum
456 420 697 466 accelerant,
725 422 797 459 scd
819 421 993 460 Karolus
1034 424 1244 461 Martellus
1282 438 1420 476 pacem
1452 424 1541 462 fieri

53 488 244 542 postulat.
271 488 355 525 Illis
395 488 769 526 contradicentibus
805 491 962 540 egressi
986 500 1079 529 sunt
1104 492 1152 529 ad
1177 492 1350 544 prelium
1387 492 1427 529 in
1450 491 1538 529 loco

52 564 309 608 nuncupante
328 556 520 593 vineiaco
538 555 567 600 ¹¹,
592 556 869 595 inlucescente
884 559 1086 597 dominica
1107 561 1170 598 die
1203 573 1261 598 xli
1296 560 1350 597 kl.
1396 560 1538 611 aprilis

52 625 92 662 in
127 624 450 675 quadragesima.
496 623 579 660 lllis
611 624 773 674 quidem
791 625 950 663 sortiter
987 627 1247 672 bellantibus,
1282 627 1538 678 Cliilpericus

53 705 124 730 rex
145 706 234 729 cum
256 691 515 743 Ragensredo
537 700 652 743 terga
663 692 784 730 vertit
805 701 842 730 et
865 693 1038 731 Karolus
1062 695 1271 733 Martellus
1295 695 1424 732 victor
1440 694 1542 731 exti-

51 759 113 804 tit,
138 768 176 797 et
196 759 434 810 regionibus
455 759 535 796 illis
562 759 728 797 vastatis
754 768 792 797 et
823 761 1049 812 captivatis,
1083 777 1172 800 curn
1206 762 1328 800 inulta
1355 762 1480 812 preda
1502 762 1541 798 in

51 826 227 865 Austros
244 841 436 865 reversus
467 836 540 865 est.
567 827 726 865 Deinde
749 841 940 866 reversus
965 830 1174 868 Coloniam
1203 831 1404 868 civitatem
1437 830 1542 880 cepit

53 904 92 933 et
112 909 201 933 cum
223 895 455 941 plectrude,
481 885 657 933 nouerca
677 910 763 941 sua,
788 911 913 934 uxore
948 898 1084 949 Pipini
1114 899 1242 950 patris
1276 898 1351 943 sui,
1386 898 1541 948 discep-

53 964 151 1002 tavit
172 972 210 1002 et
225 963 439 1002 thesauros
458 965 586 1016 patris
610 965 671 1002 sui
694 966 864 1016 recepit,
890 979 1111 1017 regemque
1135 967 1212 1003 sibi
1242 966 1381 1003 statuit
1404 966 1542 1003 Clota-

0 1077 7 1087 Γ
54 1031 172 1076 rium,
219 1032 565 1083 consanguineum
608 1046 738 1077 suum,
789 1032 912 1070 filiuni
960 1033 1170 1079 Clodovei,
1210 1033 1277 1084 qui
1327 1033 1399 1071 suit
1437 1032 1541 1070 filius

0 1100 2 1151 l
54 1099 292 1151 Dagoberti.
331 1100 588 1152 Chilpericus
620 1101 754 1151 itaque
795 1109 833 1138 et
866 1101 1122 1139 Raensredus
1155 1102 1365 1139 Eudonem
1402 1103 1542 1138 ducem

53 1166 270 1219 Aquitanie
293 1176 487 1219 expetunt
508 1168 547 1205 in
571 1168 761 1205 auxilium
784 1177 821 1205 et
844 1182 1009 1206 munera
1028 1169 1150 1206 multa
1177 1170 1212 1206 ei
1234 1169 1430 1206 tribuunt.
1459 1168 1542 1211 llle,

53 1235 169 1273 hoste
197 1236 506 1274 Vuasconorum
539 1245 577 1274 et
598 1236 897 1287 Aquitanorum
927 1246 1142 1281 commoto,
1187 1246 1327 1275 contra
1355 1236 1545 1274 Karoluni

53 1301 283 1340 Martelluni
316 1304 512 1355 perrexit.
552 1303 605 1341 At
634 1303 700 1340 ille
741 1312 976 1342 constanter
1011 1305 1188 1341 occurrit
1228 1305 1262 1341 ei
1300 1304 1543 1354 intrepidus.

53 1369 169 1408 Eudo
191 1371 376 1418 territus,
400 1371 594 1409 resistere
616 1385 696 1409 non
710 1372 864 1417 valens,
888 1372 1041 1423 fugitet
1060 1386 1251 1410 reversus
1275 1381 1335 1410 est
1354 1372 1545 1423 fugiendo

51 1451 178 1489 usque
218 1438 419 1476 Parisius.
454 1439 550 1477 Inde
582 1439 809 1490 Sequanam
857 1439 1020 1477 fluvium
1058 1440 1219 1477 transiit
1250 1448 1287 1477 et
1327 1440 1375 1477 ad
1406 1440 1546 1476 urbem

50 1504 283 1544 Aurelianis
304 1507 415 1545 venit
436 1515 474 1544 et
494 1507 770 1558 Chilpericum
795 1521 883 1544 cum
907 1507 1109 1545 thesauris
1133 1506 1359 1559 regalibusi
1382 1506 1550 1544 adduxit

53 1586 190 1611 secum
229 1583 268 1612 et
306 1574 412 1612 ultra
458 1574 646 1625 Ligerem
688 1576 901 1619 accedens,
940 1575 1088 1625 vixque
1131 1576 1304 1612 evadens
1352 1574 1547 1612 terminos

52 1641 234 1693 regionis
274 1656 345 1680 sue
388 1656 478 1680 cum
532 1643 765 1694 Chilperico
808 1643 1051 1694 penetravit.
1085 1643 1258 1680 Karolus
1306 1650 1547 1693 persecutus

52 1721 141 1745 eum
163 1722 292 1760 usque
315 1709 508 1755 Turonis,
527 1724 608 1747 non
630 1710 813 1761 repperit
832 1718 869 1747 et
891 1723 1082 1747 reversus
1111 1718 1186 1747 est.
1212 1710 1271 1747 Eo
1287 1723 1392 1747 anno
1416 1709 1546 1747 Clota-

50 1776 135 1814 rius
158 1791 244 1825 rex,
269 1778 598 1830 consanguineus
621 1777 724 1829 ejus,
742 1779 857 1816 obiit.
890 1778 1086 1829 Sequenti
1108 1792 1213 1816 anno
1236 1778 1410 1815 Karolus
1433 1777 1545 1829 lega-

50 1845 204 1883 tionem
225 1846 274 1882 ad
291 1844 503 1882 Eudonem
525 1845 674 1883 direxit
694 1853 732 1882 et
753 1845 948 1882 amicitias
969 1859 1057 1882 cum
1077 1859 1123 1883 eo
1147 1845 1253 1890 fecit,
1270 1844 1544 1896 Chilpericum

50 1915 244 1952 mandans
267 1922 309 1952 ut
331 1914 535 1951 redderet.
561 1913 686 1954 Eudo
704 1913 1006 1969 Chilpericum
1024 1913 1062 1954 ei
1079 1912 1274 1954 reddidit
1285 1928 1381 1953 cum
1397 1911 1544 1953 multis

51 1988 309 2029 muneribus
345 1996 387 2028 et
409 1986 599 2028 Karolus
616 1985 863 2037 Martellus,
887 1985 1143 2043 Chilperico
1172 1995 1367 2043 recepto,
1394 2000 1543 2044 regem

52 2078 150 2104 eum
167 2061 413 2111 constituit,
433 2061 597 2102 oblitus
614 2069 873 2102 cunctorum
891 2076 974 2117 que
991 2060 1035 2101 in
1059 2077 1109 2101 eo
1125 2059 1288 2101 fecerat
1311 2059 1540 2108 malorum,

51 2135 128 2177 sed
151 2151 249 2176 cum
265 2133 535 2177 Raensredoj
560 2133 782 2174 amicicias
800 2132 942 2174 facere
966 2133 1122 2174 noluit.
1148 2135 1243 2175 Rex
1265 2131 1544 2189 Chilpericus

49 2210 158 2250 urbe
193 2209 406 2251 Noviomo
445 2208 643 2257 veniens,
676 2208 830 2248 inorbo
861 2207 988 2258 obiit,
1027 2217 1069 2248 et
1103 2207 1303 2267 regnavit
1330 2206 1456 2247 annis
1482 2222 1540 2246 vt.

51 2280 210 2322 Franci
228 2297 332 2322 vero
356 2279 698 2329 Theodericum,
724 2278 863 2320 filium
892 2278 1135 2337 Dagoberti
1153 2277 1361 2335 junioris,
1388 2277 1432 2318 in
1456 2292 1544 2318 mo·

52 2355 246 2397 nasterio
264 2354 367 2396 Cala
382 2353 397 2375 ¹⁴
419 2353 678 2403 enutritum,
699 2368 832 2409 super
849 2368 892 2393 se
909 2367 1060 2411 regem
1084 2360 1295 2401 statuunt,
1323 2365 1540 2392 consensu

52 2428 204 2470 Karoli
218 2427 427 2469 Martelli.
442 2426 629 2468 Karolus
641 2441 744 2467 vero
759 2425 969 2482 princeps
986 2424 1282 2466 Raensredum
1298 2423 1538 2472 insecutus,

52 2501 301 2561 Andegavis
324 2500 545 2542 civitatem
568 2498 744 2540 obsedit
760 2507 818 2549 et,
837 2507 1001 2539 vastata
1030 2497 1211 2557 regione
1235 2496 1406 2547 eadem,
1445 2513 1540 2538 cum

53 2575 257 2632 plurimis
291 2574 446 2632 spoliis
475 2589 679 2615 reversus
708 2582 774 2614 est
809 2581 851 2613 et
885 2573 1024 2628 major
1057 2571 1212 2613 domus
1253 2571 1436 2613 effectus
1478 2580 1544 2612 est

52 2648 147 2705 ipse
169 2648 357 2690 Kal-olus
379 2646 610 2688 Martcllus
644 2646 689 2686 in
712 2661 850 2705 regno
878 2646 1166 2687 Francorum.
1195 2643 1413 2702 Sequenti
1430 2659 1544 2685 anno

95 2813 130 2853 h)
152 2813 290 2844 Viciaco
304 2814 340 2845 F.
365 2832 402 2836 —
417 2813 439 2853 i)
461 2812 599 2852 magnis
625 2811 658 2847 F,
676 2811 716 2842 G.
740 2829 778 2833 —
796 2810 821 2850 j)
839 2809 1056 2850 Ragensredo
1079 2809 1114 2843 F,
1138 2810 1177 2841 G.
1204 2827 1240 2831 ——
1265 2810 1297 2849 k)
1317 2809 1420 2839 Calue
1445 2809 1479 2845 F,
1503 2810 1541 2842 G.

1669 2372 1719 2399 721
