1908 3256
280 269 332 304 80
814 278 999 302 Ani-:imni
1033 278 1273 302 CHRONlCON

282 377 319 406 et
335 369 422 405 loca
441 380 580 405 eorum
601 368 753 404 munita
769 367 972 413 abstulit‘,
992 375 1030 404 et
1051 367 1138 404 vias
1159 367 1381 404 mundavit.
1420 367 1617 405 Sinodum
1650 376 1781 406 autem

283 448 398 472 suum
422 433 550 470 tenuit
572 434 620 470 ad
660 433 984 470 Paerbrunnem.
1023 432 1120 469 Inde
1158 433 1236 470 iter
1261 446 1482 485 peragens,
1511 433 1588 471 viis
1611 435 1778 485 apertis,

284 500 443 537 nemine
476 499 817 545 contradicente-²,
842 511 917 549 per
947 506 1069 535 totam
1104 497 1319 536 Saxoniam
1355 512 1613 550 quocumque
1653 499 1781 537 voluit

283 566 518 611 ambulavit,
543 565 735 615 venitque
755 565 794 601 in
817 563 1115 615 Bardagavium
1133 565 1156 610 ¹,
1185 572 1222 602 et
1245 564 1354 602 misit
1388 573 1483 616 post
1503 563 1780 603 VVindochin-

284 633 379 669 dum
403 639 440 668 et
462 630 679 674 Abionem,
702 639 740 667 et
755 638 953 680 utrosque
984 630 1033 667 ad
1054 643 1096 666 se
1116 630 1283 667 adduxit
1306 638 1342 667 et
1363 630 1538 668 firmavit
1572 638 1614 668 ut
1634 644 1715 668 non
1738 644 1780 668 se

285 697 615 741 subtraherentu,
630 696 709 733 nisi
731 696 771 732 in
790 695 1002 733 Franciam
1024 696 1073 732 ad
1100 709 1189 732 eum
1206 696 1418 733 venirentv
1442 696 1678 747 petentibus
1699 696 1780 734 illis

288 764 547 801 securitatem
576 762 608 799 si
636 762 861 807 venissent,
895 761 1004 812 quod
1039 769 1076 798 et
1103 763 1249 798 sactum
1278 770 1352 799 est.
1388 761 1486 800 Inde
1512 775 1704 800 reversus
1740 762 1780 799 in

285 829 513 875 Franciam‚
540 828 649 865 misit
670 828 751 864 illis
774 827 941 864 obsides
964 827 1223 878 permissum
1244 841 1359 864 suurn
1376 827 1648 865 Amalvinum.
1668 827 1781 876 Quos

287 909 375 932 cum
394 895 665 946 recepissent,
685 907 774 930 cum
802 893 905 944 ipsis
939 891 1213 944 adjunxerunt
1253 908 1294 931 se
1325 895 1374 931 ad
1414 894 1606 931 domnum
1642 907 1780 945 regem

290 962 483 999 Karolum
503 961 551 997 ad
579 960 715 996 villam
738 958 925 997 Atiniaco
947 967 985 996 et
1003 959 1058 996 ibi
1084 960 1274 1010 baptizati
1299 968 1392 997 sunt
1412 959 1716 997 widochindus
1746 968 1782 997 et

290 1027 395 1064 Abio
415 1041 493 1064 una
511 1040 598 1063 cum
622 1025 745 1063 sociis
774 1038 929 1069 eorum,
956 1033 993 1062 et
1023 1034 1118 1062 tunc
1140 1033 1224 1063 tota
1258 1025 1433 1063 Saxonia
1469 1024 1683 1077 subjugata
1704 1034 1778 1063 est.

286 1094 346 1131 Eo
369 1106 489 1139 anno,
508 1093 547 1129 in
565 1092 653 1142 ipsa
670 1091 766 1128 villa
787 1091 1008 1128 celebravit
1031 1091 1211 1128 Natalem
1233 1099 1270 1128 et
1293 1091 1463 1129 Pascha.
1490 1091 1651 1129 Deinde
1673 1092 1782 1129 misit

288 1160 509 1196 exercitum
526 1159 574 1195 ad
592 1157 845 1195 Britanniam
862 1171 939 1194 una
962 1170 1052 1194 cum
1070 1157 1196 1194 misso
1213 1171 1286 1194 suo
1304 1156 1482 1194 Audulso
1502 1157 1779 1204 senescalco¹,

285 1234 321 1263 et
344 1226 399 1262 ibi
423 1225 547 1262 multa
570 1223 735 1261 castella
757 1223 1068 1273 conquisierunt
1090 1231 1126 1260 et
1152 1223 1240 1260 loca
1258 1223 1373 1260 firma
1393 1231 1430 1260 et
1452 1223 1619 1269 munita,
1639 1223 1780 1274 palus-

282 1292 359 1329 tria
379 1299 414 1328 ct
431 1291 606 1334 incesa³'‚
620 1297 657 1326 et
694 1289 926 1339 capitaneos
944 1288 1159 1326 Britonum
1176 1297 1564 1340 representaverunt
1581 1289 1620 1326 in
1635 1289 1781 1327 sinodo

284 1357 420 1394 domni
444 1356 554 1406 regis
578 1354 717 1391 Karoli
740 1354 780 1390 in
796 1353 1062 1391 warmatia&
1089 1354 1202 1391 Tunc
1236 1354 1498 1405 prospiciens
1532 1368 1574 1391 se
1606 1368 1654 1392 ex
1672 1354 1780 1392 omni

282 1431 396 1474 parte
418 1435 557 1473 pacem
577 1420 742 1466 habere,
766 1419 981 1457 consilium
1005 1420 1141 1466 sumit,
1166 1428 1208 1457 ut
1242 1420 1439 1457 orationis
1468 1433 1587 1457 causa
1611 1420 1780 1458 Romam

282 1496 476 1540 pergeret
510 1497 548 1525 et
581 1502 670 1525 cum
700 1487 839 1524 missis
871 1486 1134 1538 imperatoris
1168 1486 1361 1536 placitum
1400 1485 1594 1523 habereta
1632 1499 1781 1524 conve-

284 1554 449 1592 nientiis
473 1567 627 1599 eorum,
653 1553 763 1604 quod
786 1561 823 1590 et
846 1553 994 1590 factum
1016 1560 1091 1596 est,
1117 1559 1155 1589 et
1177 1551 1398 1589 celebravit
1415 1551 1597 1589 Natalem
1620 1552 1660 1589 in
1685 1552 1781 1590 Flo-

283 1620 413 1657 rentia
432 1619 608 1656 civitate.

336 1689 373 1724 8.
388 1708 439 1713 --
462 1684 590 1736 Igitur
611 1684 819 1735 gloriosus
848 1698 919 1721 rex
937 1683 1112 1721 Karolus
1131 1683 1299 1720 veniens
1324 1683 1493 1722 Romam
1510 1692 1699 1736 receptus
1720 1692 1781 1722 est

283 1751 505 1788 honorifice
524 1752 572 1787 ab
591 1749 773 1788 Adriano
795 1763 899 1801 papa
919 1758 956 1786 et
984 1748 1169 1800 aliquosb
1191 1749 1277 1786 dies
1298 1750 1353 1786 ibi
1374 1758 1553 1787 moratus
1577 1758 1652 1788 est.
1675 1749 1780 1787 Are-

283 1818 413 1868 gisus,
454 1817 534 1853 dux
574 1815 815 1859 Beneventi,
862 1815 971 1852 misit
1003 1815 1127 1851 filium
1172 1829 1287 1852 suum
1331 1815 1596 1853 Romaldum⁰
1630 1816 1780 1853 domno

283 1882 370 1933 regi
394 1880 545 1918 Karolo
569 1894 658 1918 cum
676 1880 813 1918 multis
834 1880 1087 1926 muneribus,
1118 1880 1333 1931 postulans
1356 1888 1398 1918 ut
1435 1881 1606 1918 intraret
1645 1880 1780 1918 Bene-

281 1956 459 1991 ventum,
484 1955 522 1984 et
539 1948 687 1984 faceret
704 1959 845 1983 omnes
867 1946 1097 1983 voluntates
1121 1946 1259 1983 domni
1282 1946 1394 1997 regis
1418 1946 1572 1984 Karoli.
1603 1946 1684 1984 Sed
1704 1946 1779 1984 hoc

282 2013 548 2064 Apostolicus
569 2012 731 2049 minime
749 2013 955 2055 credebat,
981 2019 1019 2048 et
1035 2011 1253 2048 consilium
1284 2012 1376 2049 fecit
1395 2026 1483 2049 cum
1510 2013 1659 2050 domno
1682 2025 1779 2064 rege

283 2079 430 2118 Carolo
456 2086 494 2115 et
518 2091 606 2115 cum
629 2077 892 2129 optimatibus
917 2077 1165 2114 Francorum
1188 2085 1230 2114 ut
1245 2077 1524 2115 Beneventum
1547 2078 1717 2116 intraret
1732 2078 1780 2115 ad

282 2158 424 2183 causas
446 2144 664 2181 firmandas
687 2152 725 2181 et
746 2143 800 2181 ita
816 2145 962 2180 sactum
979 2151 1053 2180 est.
1080 2142 1130 2179 Et
1154 2143 1248 2180 dum
1267 2143 1446 2194 Capuam
1467 2144 1664 2190 venisset,
1687 2143 1778 2181 reli-

284 2211 382 2262 quid
409 2209 603 2261 Aregilus
636 2211 716 2247 dux
750 2209 1045 2253 Beneventum,
1078 2217 1115 2246 et
1142 2208 1182 2245 in
1216 2208 1389 2247 Falerno
1430 2223 1473 2247 se
1507 2209 1690 2247 reclusit.
1729 2209 1780 2247 Et

284 2276 433 2313 timore
465 2274 712 2326 perterritus
748 2287 830 2311 non
868 2274 942 2311 fuit
978 2287 1100 2311 ausus
1137 2274 1277 2311 videre
1313 2275 1453 2312 faciem
1487 2275 1625 2313 domni
1665 2274 1778 2326 regis

292 2340 448 2386 Karoli,
475 2341 546 2377 sed
568 2340 677 2377 misit
693 2340 728 2377 ei
750 2341 890 2377 ambos
918 2339 1024 2377 filios
1048 2353 1144 2376 suos
1177 2339 1419 2377 Romaldum
1453 2348 1491 2378 et
1527 2339 1778 2378 Grimaldum

290 2420 384 2444 cum
410 2406 549 2443 multis
578 2405 816 2443 muneribus
840 2413 877 2442 et
907 2405 1163 2451 ol]sidibus‘¹‚
1188 2414 1230 2443 ut
1258 2414 1561 2458 optemperaret
1584 2405 1780 2458 peticioni

293 2470 398 2523 ejus.
426 2472 611 2509 Domnus
626 2484 723 2509 vero
746 2471 980 2522 gloriosus⁰
1002 2484 1073 2508 rex
1089 2471 1261 2509 Carolus
1277 2485 1355 2509 una
1383 2485 1472 2509 cum
1497 2471 1778 2510 sacerdotibus

330 2622 359 2662 r)
377 2623 473 2651 Deest
494 2621 613 2662 depuis
633 2625 664 2650 et
686 2620 891 2660 depredavit
905 2621 942 2650 D.
955 2638 992 2642 -——
1009 2620 1038 2659 s)
1060 2620 1229 2650 neminem
1250 2621 1637 2651 ‹=0nt1·adioentemA.—
1650 2620 1675 2661 t)
1692 2620 1780 2650 Bar-

291 2664 405 2704 dagau
430 2663 467 2698 1⁸,
484 2663 524 2694 G.
547 2681 588 2685 —
608 2664 641 2703 u)
659 2662 917 2692 subtraxissent
937 2663 974 2695 Α,
992 2662 1029 2691 D.
1045 2680 1086 2684 —-
1107 2664 1139 2702 v)
1174 2662 1349 2692 venissent
1363 2664 1400 2698 A,
1418 2663 1455 2692 D.
1471 2663 1555 2703 -x)
1582 2663 1779 2693 senescalco

293 2706 386 2734 deest
408 2705 443 2736 F.
466 2705 556 2744 -y)
570 2704 712 2734 incensa
741 2704 774 2734 F.
797 2722 838 2726 —
859 2704 887 2743 z)
902 2704 1129 2733 XVarmatiam
1161 2703 1193 2739 F,
1229 2704 1266 2733 D.
1288 2722 1330 2727 —
1348 2704 1381 2745 a)
1410 2704 1553 2734 haberet
1567 2705 1659 2733 deest
1678 2705 1715 2740 A,
1739 2704 1777 2740 D,

294 2747 331 2781 κ’,
355 2747 395 2778 G.
411 2765 453 2769 —
472 2747 506 2787 b)
524 2746 665 2786 aliquod
686 2747 724 2781 A,
748 2745 786 2775 D.
807 2763 848 2767 —
881 2745 1124 2783 c)R0mildu1n
1145 2745 1182 2782 E,
1202 2745 1237 2782 F,
1255 2745 1294 2777 G.
1317 2763 1358 2768 -
1377 2745 1411 2787 d)
1432 2750 1466 2776 et
1491 2745 1673 2776 obsidibus
1687 2746 1781 2775 deest

291 2788 329 2823 E,
368 2788 404 2820 [⁴¹.
434 2788 474 2820 G.
497 2805 537 2811 —
558 2790 590 2828 e)
611 2787 786 2828 gloriosus
807 2787 900 2817 deest
921 2787 958 2822 E,
984 2787 1018 2822 F,
1041 2786 1080 2819 G.
