1908 3256
731 297 849 321 mmm
879 298 1054 322 'l'lin‘rlus
1562 293 1633 327 133

145 383 227 424 Dei
251 383 444 434 cultor¹¹¹‚
478 400 555 425 rex
576 400 664 425 non
687 394 855 426 tantum
886 387 1150 443 populorum
1188 389 1262 429 sed
1305 390 1435 430 etiam
1461 407 1631 431 morum

147 471 341 497 suorum.

202 540 272 583 32.
300 565 358 571 -
380 540 559 581 Hisdem
592 541 869 597 temporibus
898 541 1190 583 rebellantes¹¹
1216 544 1394 600 Bulgari
1438 544 1632 585 Crotiam

143 610 267 652 valde
287 621 674 668 exasperaverunt,
700 622 741 653 et
759 612 947 653 Basilius
970 612 1209 669 imperator
1238 630 1369 670 super
1405 631 1477 655 eos
1507 615 1635 655 nimis

144 682 359 733 irritatus,
385 692 484 724 voto
508 699 552 723 se
585 683 798 742 obligavit
820 685 913 724 Deo
951 685 1211 725 monachum
1254 685 1364 733 fieri,
1411 686 1444 725 si
1481 686 1634 725 Grecis

145 769 218 794 cos
248 753 473 795 subderet.
497 754 551 795 Et
568 769 646 810 per
663 770 800 795 annos
823 770 875 795 xv
892 770 990 795 cum
1014 755 1139 796 hoste
1164 771 1295 812 super
1319 772 1391 796 eos
1412 757 1631 805 laborans,

143 825 315 866 duobus
345 824 515 884 magnis
542 825 724 881 praeliis
740 826 879 867 victus
903 835 982 867 est.
1003 826 1069 867 Ad
1092 827 1293 868 ultimum
1317 827 1496 886 regibus
1532 827 1635 867 Bul-

144 912 350 955 garorum
376 896 578 938 Samuele
602 905 644 937 et
665 896 812 938 Aaron
832 898 839 918 ⁴
869 913 955 938 non
973 897 1151 954 publico
1175 898 1357 954 praelio,
1380 898 1456 939 sed
1472 898 1636 939 astucia

144 969 285 1009 Greca
313 967 576 1018 interfectis,
605 984 780 1009 omnem
802 977 966 1009 terram
989 984 1141 1009 eorum
1164 968 1371 1018 obtinuit,
1403 977 1445 1009 et
1485 968 1635 1009 fortis-

143 1039 274 1080 simas
303 1039 502 1080 civitates
528 1048 570 1080 et
598 1039 776 1081 castella
800 1039 1036 1099 confregit,
1063 1041 1395 1097 Greeorumque
1415 1039 1635 1096 praesidia

142 1120 294 1152 contra
318 1127 389 1152 eas
417 1111 581 1168 ubique
617 1111 853 1162 ordinavit,
887 1112 1187 1169 populumque
1222 1111 1515 1171 Bulgarorum
1551 1127 1633 1153 ma-

140 1182 256 1224 xima
279 1198 330 1223 ex
352 1192 477 1239 parte
507 1182 756 1239 captivavit.
784 1184 838 1224 Et
860 1183 973 1224 sieut
995 1192 1094 1224 voto
1123 1182 1402 1239 promiserat,
1435 1182 1632 1223 habitum

142 1253 432 1295 monasticum
475 1255 615 1295 Greca
661 1253 803 1314 figura
843 1254 1178 1295 subterindutus
1210 1254 1253 1294 in
1302 1254 1520 1310 reliquum
1568 1263 1634 1295 est

140 1325 260 1367 omni
281 1324 394 1366 vitae
418 1341 520 1366 suae
548 1334 766 1382 tempore,
798 1342 819 1367 a
841 1326 1065 1382 voluptate
1089 1334 1131 1366 et
1158 1325 1364 1366 carnibus
1384 1324 1628 1376 abstinens,

141 1406 183 1439 et
219 1396 439 1454 imperiali
481 1406 672 1438 scemate
714 1397 989 1439 extrinsecus
1039 1397 1409 1438 circumdabatur.
1459 1396 1630 1438 Deinde

139 1468 365 1510 Hiberiam
406 1478 728 1528 repugnantem
769 1485 848 1525 per
888 1485 1025 1510 annos
1067 1477 1234 1525 septem
1269 1468 1326 1509 ita
1350 1467 1560 1518 edomuit,
1586 1477 1633 1508 ut

139 1541 285 1583 omnia
300 1541 353 1582 ad
375 1550 529 1582 nutum
553 1543 647 1598 ejus
676 1541 846 1582 fierent.

196 1626 266 1670 33.
299 1651 357 1657 -
378 1625 502 1666 Obiit
531 1641 706 1682 quoque
723 1625 972 1667 Richardus
994 1624 1351 1685 Rotomagensis,
1378 1625 1630 1681 sepulturae

136 1696 325 1739 traditus
353 1696 469 1753 apud
501 1697 794 1747 Fescannum,
844 1706 887 1738 et
919 1712 998 1753 pro
1040 1712 1090 1737 eo
1131 1695 1344 1737 successit
1364 1695 1628 1745 Hic-hardus,

138 1768 254 1810 filius
271 1769 381 1825 ejus.
409 1767 488 1809 Hic
505 1767 881 1824 prudentissimus
916 1777 958 1809 et
1001 1767 1220 1827 gloriosus
1261 1766 1304 1807 in
1345 1766 1549 1807 omnibus
1591 1775 1633 1807 et

138 1840 325 1891 dilector
357 1839 647 1881 ecclesiarum
690 1839 850 1880 extitit.
892 1839 1036 1880 Hotho
1071 1855 1173 1880 vero
1210 1839 1450 1895 imperator
1492 1838 1628 1878 hausu

137 1910 318 1953 veneni⁰
339 1910 474 1967 periit
496 1910 589 1951 sine
609 1909 729 1961 filiis,
756 1919 798 1952 et
817 1926 898 1967 pro
924 1927 974 1952 eo
991 1910 1345 1968 consanguineus
1369 1911 1478 1965 ejus,
1499 1908 1626 1949 Hein-

137 1982 271 2032 ricus,
296 1981 532 2038 imperium
573 1982 806 2038 suscepitv.
835 1982 1065 2039 Siquidem
1112 1981 1326 2022 Arbertus
1343 1982 1373 2030 2,
1418 1979 1625 2020 Coloniae

136 2053 539 2111 archiepiscopusq‚
565 2054 794 2110 expirante
823 2055 994 2095 Hotone
1023 2053 1066 2094 in
1102 2063 1249 2110 partes
1279 2054 1467 2109 Capuae,
1506 2066 1625 2106 scep-

136 2136 253 2168 trum
276 2135 318 2167 et
333 2142 541 2167 coronam
560 2142 658 2167 eum
681 2127 831 2168 lancea
855 2142 976 2167 sacra
994 2142 1141 2168 seeum
1171 2126 1376 2175 afferens,
1409 2126 1461 2165 ab
1497 2123 1624 2165 Hain-

178 2275 224 2315 m)
246 2274 281 2304 in
306 2273 502 2304 humilitate
533 2273 658 2303 similis
676 2273 786 2305 David
807 2274 879 2315 regi
904 2274 984 2304 add,
1009 2274 1044 2303 C.
1068 2292 1108 2296 —
1131 2274 1165 2314 n)
1187 2273 1400 2303 rebellantur
1423 2274 1458 2303 Α.
1482 2290 1523 2294 —
1539 2272 1570 2311 o)
1593 2271 1626 2301 in

136 2321 254 2358 partes
291 2315 475 2347 Beneventi
510 2315 590 2345 add.
615 2315 718 2347 C.-—
751 2315 787 2356 p)
813 2315 949 2346 Ottonis
978 2320 1093 2345 autem
1126 2326 1252 2355 corpus
1293 2315 1442 2343 delatum
1477 2318 1529 2343 est
1562 2314 1626 2343 Ro-

137 2369 229 2389 mam
249 2362 282 2388 et
308 2357 438 2387 ibidem
459 2357 616 2397 sepultus
639 2357 720 2388 add.
743 2357 778 2386 C.
804 2375 844 2380 —
865 2359 899 2397 q)
936 2357 1220 2397 archiepiscopus
1254 2355 1413 2387 Coloniae
1453 2359 1626 2394 sceptrum

135 2405 169 2430 et
205 2410 370 2429 coronam
403 2410 480 2428 cum
525 2399 645 2428 lancea
673 2398 782 2427 sancti
825 2398 982 2428 Mauricii
1017 2410 1130 2428 sevum
1153 2398 1195 2427 ab
1221 2397 1429 2438 imperatore
1468 2397 1627 2425 desum-[o

134 2442 169 2472 in
203 2441 401 2481 Bajoariam
418 2439 543 2470 detulit
565 2444 608 2473 et.
631 2450 801 2470 consensu
828 2440 982 2470 omnium
1016 2439 1272 2480 episcoporum,
1297 2438 1439 2468 Eenrico
1470 2436 1624 2467 tradidit.

137 2483 334 2523 Stephanus
359 2481 463 2512 etiam
499 2492 557 2511 rex
593 2481 723 2520 Ungrie
757 2481 847 2511 bello
877 2486 1044 2522 appetens
1079 2481 1247 2520 Ungi-iam
1292 2480 1445 2520 Nigr-am,
1491 2483 1558 2508 tam
1595 2478 1625 2508 vi

135 2535 240 2565 quam
260 2523 383 2554 timore
409 2527 442 2553 et
474 2533 603 2555 amore.
627 2522 669 2552 ad
697 2522 801 2553 fidem
826 2522 982 2554 veritatis
999 2527 1107 2553 totam
1135 2522 1232 2551 illam
1266 2525 1394 2551 terram
1427 2524 1626 2550 convertere

136 2565 273 2596 meruit.
292 2565 426 2601 Quibus
447 2563 661 2604 temporibus
677 2563 713 2594 C.

179 2756 207 2785 1.
230 2755 274 2785 Le
294 2757 446 2784 meurtre
462 2754 610 2784 d'Aaron
627 2764 693 2794 par
712 2754 850 2784 Samuel
866 2758 918 2784 est
938 2754 1114 2784 anterieur
1135 2755 1154 2783 ἐι
1174 2757 1260 2783 cette
1276 2753 1364 2782 date.

178 2798 207 2827 2.
230 2796 539 2833 Heribert,÷1021.

1737 563 1801 588 Ιικκ)

1661 842 1889 875 1‹*1'0,2⁴.vj1n11‹2t

1730 1204 1797 1231 1018

1738 1482 1804 1508 1022

1744 1703 1796 1729 990

1736 1917 1803 1944 1002
