1908 3256
658 328 775 353 Lini-:n
806 329 981 354 Tizn‘rics
1488 320 1558 356 179

69 415 203 458 filiam
238 415 283 456 in
318 414 648 456 matrimonium
671 417 928 458 sociaverat.
960 419 1068 458 Cum
1097 418 1257 475 quibus
1291 435 1396 475 pace
1432 419 1557 469 saeta,

69 487 290 547 Rogerius
313 503 409 527 cum
432 486 644 527 ulteriore
663 488 871 544 IIispania
895 487 1122 529 decertare
1143 490 1276 545 cepit,
1302 499 1341 530 et
1375 491 1559 547 quadam

71 559 141 600 die
170 575 254 600 una
283 563 411 599 eum⁰
439 574 491 598 xL
519 558 796 599 solummodo
826 559 1081 600 christianis
1110 561 1377 620 quingentos
1415 565 1562 603 Sarra-

71 646 282 672 cenorum
318 629 481 671 eleetos
522 629 566 670 in
600 629 774 671 insidiis
806 630 992 672 latentes
1031 631 1232 682 offendit,
1273 649 1369 673 cum
1404 634 1562 690 quibus

72 701 336 762 confligens,
364 701 543 742 fratrem
574 718 700 742 suum
733 718 981 743 manzerem
1016 703 1178 754 amisit,
1211 713 1252 745 et
1291 704 1423 745 tertio
1453 722 1563 746 cam-

72 791 176 832 pum
200 773 410 825 lustrans,
437 780 507 814 et¹³
530 773 628 830 plus
658 783 835 815 eentum
857 774 1132 816 adversarios
1164 775 1365 825 extinxit,
1397 785 1439 817 et
1467 792 1563 817 cum

74 846 164 888 suis
193 845 374 903 propria
412 845 581 896 revisit,
614 861 694 887 nec
728 845 821 886 ausi
853 854 954 887 sunt
990 846 1223 888 Sarraeeni
1260 847 1468 904 persequi
1505 847 1565 888 su-

74 917 286 978 gientem.

136 990 206 1034 56.
233 1015 292 1020 —
309 989 395 1029 Per
417 988 498 1029 hos
527 988 622 1030 dies
642 988 851 1049 dignatus
874 998 940 1030 est
960 989 1177 1031 Dominus
1199 990 1439 1032 clarificare
1460 998 1566 1031 tem-

76 1077 184 1119 pora
224 1060 500 1102 serenissimi
541 1060 665 1101 ducis
704 1061 937 1105 XYillelmi.
976 1063 1023 1103 In
1064 1062 1220 1103 diebus
1255 1062 1344 1103 suis
1382 1076 1567 1118 namque

80 1141 211 1189 caput
245 1131 386 1172 sancti
426 1131 639 1172 Johannis
674 1132 718 1172 in
751 1132 932 1173 basilica
966 1132 1302 1192 Angeriacensi,
1340 1133 1383 1174 in
1420 1133 1573 1174 theea‘*

81 1219 209 1245 saxea
230 1202 389 1244 turrita
411 1202 551 1243 instar
574 1203 822 1259 piramidis,
849 1203 1074 1244 inventum
1098 1213 1163 1244 est
1185 1205 1237 1245 ab
1265 1203 1456 1244 Alduino
1487 1202 1575 1243 cla-

80 1274 258 1316 rissimo
287 1275 474 1315 abbate:
501 1274 620 1331 quod
655 1284 854 1316 sanetum
888 1284 1019 1331 caput
1049 1275 1201 1316 dicunt
1230 1291 1324 1316 esse
1348 1274 1577 1332 proprium

79 1345 298 1403 baptistae
315 1345 545 1386 Johannis.
572 1346 694 1387 Tunc
712 1346 967 1390 XYillelmus
990 1346 1077 1387 dux
1099 1355 1198 1403 post
1226 1346 1455 1403 paschales
1484 1344 1577 1385 dies

77 1419 216 1459 Roma
238 1433 487 1477 regressus,
507 1418 590 1458 hoc
614 1417 780 1467 audito,
800 1417 998 1474 repletus
1022 1427 1087 1458 est
1106 1417 1283 1477 gaudio,
1315 1426 1357 1458 et
1379 1425 1576 1457 sanctum

78 1498 209 1546 caput
236 1489 415 1546 populis
438 1489 766 1531 ostendendum
786 1489 998 1531 decrevit.
1027 1490 1108 1530 Est
1131 1488 1410 1530 reconditum
1434 1487 1577 1544 ipsum

78 1569 209 1616 caput
245 1560 290 1601 in
324 1560 522 1602 turibulo
551 1570 782 1620 argenteo,
820 1560 896 1601 ubi
926 1560 1099 1602 litterae
1132 1560 1357 1619 legentur:
1397 1558 1474 1600 llic
1509 1573 1578 1598 re-

80 1631 270 1688 quiescit
303 1641 434 1689 eaput
466 1632 770 1689 praecursoris
806 1632 1003 1673 Domini.
1041 1632 1076 1673 A
1110 1648 1196 1689 quo
1218 1640 1364 1672 tamen
1399 1631 1464 1671 vel
1493 1645 1579 1686 quo

79 1711 279 1759 tempore
302 1703 370 1744 vel
404 1703 520 1744 unde
544 1704 629 1744 huc
654 1703 866 1754 delatum,
902 1703 969 1744 vel
994 1703 1029 1744 si
1066 1702 1370 1759 praecursoris
1401 1700 1580 1742 Domini

81 1773 154 1824 sit,
180 1774 522 1832 haudquaquam
547 1774 741 1816 fideliter
760 1783 922 1832 patetr.
950 1776 996 1815 In
1022 1774 1158 1833 gestis
1191 1773 1308 1815 enim
1331 1772 1480 1829 Pipini
1510 1787 1580 1812 re-

84 1844 167 1904 gis,
191 1861 289 1886 cum
312 1845 365 1887 de
396 1845 646 1887 minoribus
670 1846 843 1906 legatur
867 1847 1015 1896 rebus,
1042 1862 1094 1886 ex
1115 1846 1211 1896 hac,
1237 1860 1347 1902 quae
1371 1860 1423 1885 ex
1445 1842 1581 1884 maxi-

85 1916 167 1957 mis
196 1926 278 1968 est,
301 1933 430 1959 causa
446 1917 676 1969 reticetur,
697 1927 738 1959 et
759 1918 980 1975 scriptura
1003 1934 1054 1959 ex
1076 1933 1126 1959 eo
1144 1916 1274 1958 facta¹
1306 1929 1581 1972 nequaquam

87 2003 177 2028 non
219 1988 358 2030 sutilis
389 1990 442 2030 ab
479 1989 667 2031 eruditis
696 1989 1012 2046 dijudicetur⁵.
1045 1990 1140 2031 Non
1175 1987 1290 2029 enim
1319 1986 1504 2044 Pipinus
1538 1985 1582 2026 in

88 2058 247 2101 diebus
265 2060 504 2117 Theophili
526 2077 608 2103 nee
624 2070 826 2118 tempore
842 2061 1160 2106 XYandalorum
1178 2058 1339 2109 extitit,
1358 2074 1438 2099 nec
1454 2065 1584 2113 caput

127 2203 159 2243 o)
194 2203 294 2233 Petro
321 2202 488 2243 episcopo
519 2203 642 2234 Tolose
675 2208 707 2234 et
736 2204 820 2236 add.
845 2203 884 2235 C.
913 2222 953 2227 -—-
973 2204 1009 2244 p)
1031 2202 1219 2242 Tercioque
1249 2200 1340 2230 acics
1362 2199 1582 2230 adversarias

92 2245 292 2285 irrumpens
315 2244 352 2274 C.
374 2263 413 2267 —
429 2248 463 2285 q)
479 2244 686 2275 techaxasea
702 2246 742 2276 A.
769 2263 804 2268 —-—
832 2247 861 2285 r)
884 2250 984 2286 pater
1006 2247 1042 2275 Α.
1060 2263 1099 2267 -
1121 2246 1148 2283 s)
1179 2244 1215 2273 In
1242 2242 1307 2272 hae
1341 2241 1431 2271 enim
1460 2241 1583 2271 frivola

91 2288 242 2316 refertur
258 2285 402 2326 pagina,
416 2286 449 2315 in
461 2286 707 2327 diebusPipini
724 2287 1034 2328 regisAqnitaniae
1055 2285 1240 2327 quemdam
1264 2283 1408 2314 Felicem
1419 2282 1583 2312 detulisse

91 2328 135 2358 ab
165 2327 375 2357 Alexandria
403 2339 465 2368 per
486 2339 581 2357 mare
610 2328 641 2357 in
671 2329 896 2368 Aquitaniam
919 2333 1023 2369 eaput
1049 2327 1157 2357 sam-ti
1191 2324 1359 2356 Johannis
1392 2323 1582 2364 Baptistae.

94 2370 135 2399 Et
152 2373 234 2399 tunc
257 2370 425 2409 temporis
447 2369 653 2399 Alexandrie
669 2370 865 2410 praefuisse
890 2370 1121 2410 Theophilum
1143 2366 1458 2406 archiepiscopum.
1486 2365 1583 2405 eujus

92 2411 204 2441 Lucas
223 2411 258 2440 in
283 2410 457 2451 principio
472 2412 619 2440 Aetnum
635 2412 874 2451 apostolorum
897 2412 1053 2441 meminit
1074 2411 1190 2439 (licens
1209 2419 1214 2437 z
1240 2420 1253 2436 «
1278 2407 1429 2436 Primum
1446 2407 1583 2446 quidem

93 2463 108 2481 «
126 2463 320 2482 sermonem
338 2452 399 2481 feci
416 2453 456 2481 de
478 2452 651 2487 omnibus,
675 2464 693 2481 o
715 2453 949 2493 Theophilem
974 2457 1006 2483 et
1028 2465 1041 2480 «
1066 2455 1244 2493 peractum
1271 2460 1345 2478 esse
1364 2448 1533 2488 praelium
1553 2448 1584 2476 in

98 2505 112 2523 «
136 2493 291 2526 Alniensi
308 2505 400 2534 pago
422 2494 511 2523 inter
540 2494 700 2534 Pipinum
731 2505 847 2533 regem
870 2499 902 2524 et
927 2495 1107 2525 XValados:
1132 2493 1315 2533 ipsumque
1348 2494 1452 2530 caput
1483 2500 1586 2534 super

98 2546 112 2565 «
138 2536 309 2576 quosdam
329 2535 530 2565 interfectos
547 2535 715 2565 satellites
734 2547 814 2566 suos
834 2536 1038 2576 impositum
1060 2546 1078 2565 a
1100 2545 1191 2575 rege,
1209 2536 1241 2562 et
1261 2542 1317 2562 eos
1335 2542 1411 2560 mox
1436 2541 1585 2561 resusci-

92 2588 107 2606 «
132 2581 223 2607 tatos
250 2588 338 2614 esse,
363 2577 445 2607 add.
471 2577 506 2607 C.
527 2589 540 2605 »

143 2813 172 2844 1.
195 2813 234 2844 V.
255 2813 286 2843 le
308 2811 393 2843 recit
414 2812 594 2843 sabuleux:
616 2813 701 2843 Acta
723 2798 922 2842 Sanctorum
943 2811 1042 2853 (junii
1063 2813 1118 2846 IV,
1140 2821 1200 2852 pp.
1223 2810 1281 2840 754
1305 2813 1337 2839 et
1359 2810 1422 2846 SS.)

1648 1070 1718 1097 1010
1731 1071 1790 1097 oct.
