1908 3256
96 635 145 661 581

254 251 302 287 28
777 264 961 290 ammam
994 263 1233 289 CHRONICON

256 353 494 404 sanguinem
530 367 646 392 suum
673 368 793 407 agere
823 354 1066 391 voluissent.
1092 353 1226 404 Super
1241 352 1494 391 Clotharium
1507 366 1605 392 vero
1618 367 1751 407 neque

256 432 333 457 una
356 420 519 471 quidem
539 430 653 472 gutta
674 421 809 473 pluvie
826 420 985 467 cecidit,
1003 433 1077 457 nec
1093 419 1174 456 ullo
1188 420 1309 457 modo
1326 419 1486 457 sonitus
1502 419 1671 458 tonitrui
1691 429 1752 459 est

256 486 432 531 auditus,
450 501 522 524 nec
542 487 743 525 anhelitus
759 487 869 525 venti
887 485 955 523 illo
971 485 1061 523 loco
1084 485 1273 523 sentitur.
1294 485 1408 532 Ilico,
1426 486 1633 524 mittentes
1650 499 1750 524 nun-

261 552 360 599 cios,
385 566 524 604 pacem
543 561 579 591 et
596 554 854 591 concordiam
870 553 1096 604 pecierunt.
1115 551 1203 600 Qua
1217 553 1321 600 data,
1337 553 1386 590 ad
1401 552 1571 604 propria
1584 561 1678 590 sunt
1691 565 1752 590 re-

260 618 384 655 versi.
410 619 494 659 Per
508 618 624 660 idem
635 629 826 676 tempus,
847 627 1022 660 sanctus
1036 616 1317 675 Eparchius1,
1331 618 1482 675 presul
1500 617 1752 660 Sanctionis

261 699 323 730 012
345 699 469 746 pater
492 690 831 751 Egolismensis,
847 690 1052 750 migravit
1067 688 1120 731 ad
1137 689 1363 732 Christum
1387 689 1457 732 die
1474 689 1618 747 primo
1636 705 1753 732 men-

256 761 314 802 sis
337 761 437 813 julii
455 762 485 802 ¹¹.

312 836 371 871 95.
397 857 447 861 *-
470 833 570 871 Post
604 834 674 871 hec
716 834 859 871 iterum
895 833 1183 871 Childebertus
1207 841 1246 871 et
1274 832 1524 881 Clotharius,
1550 841 1753 872 commoto

255 899 434 937 exercitu
459 912 621 951 magno,
646 899 685 936 in
704 898 942 950 Hispaniam
972 908 1166 950 pergunt,
1204 912 1322 950 quarn
1346 907 1552 938 vastantes
1588 912 1753 937 succen-

252 967 366 1010 dunt,
385 965 676 1003 interficientes
696 965 906 1016 populum,
932 964 1321 1017 Caesaraugustam¹
1342 966 1547 1004 obsident.
1567 965 1753 1017 Etpopu-

251 1032 328 1078 lus,
344 1031 412 1082 qui
424 1031 478 1068 ibi
496 1032 692 1068 obsessus
707 1032 935 1079 tenebatur,
947 1031 1079 1069 induti
1096 1030 1257 1079 ciliciis,
1273 1044 1444 1083 asperso
1457 1032 1587 1084 capite
1598 1031 1751 1076 cinere,

251 1098 291 1135 in
331 1106 439 1135 tanta
462 1097 684 1134 humilitate
718 1097 766 1135 ad
801 1097 1022 1135 Dominum
1064 1097 1253 1136 conversi
1289 1106 1398 1145 sunt,
1428 1106 1471 1136 ut
1497 1111 1587 1136 cum
1618 1096 1755 1136 tunica

250 1163 354 1201 beati
384 1162 587 1202 Vincentii
605 1163 783 1201 martiris
806 1177 945 1201 muros
960 1164 1135 1201 civitatis
1157 1163 1375 1215 psallendo
1392 1164 1627 1202 circuirent.
1667 1163 1753 1201 Mu-

250 1230 373 1266 lieres
392 1228 579 1267 similiter
594 1229 732 1267 indute
748 1229 878 1281 nigris
895 1229 1045 1281 palliis,
1065 1230 1281 1267 dissolutis
1300 1230 1497 1277 crinibus,
1511 1230 1753 1282 plangentes

251 1296 541 1346 sequebantur,
567 1303 609 1332 ut
638 1295 721 1332 illic
750 1294 1022 1333 Ninivitarum
1046 1295 1249 1347 jejunium
1281 1296 1572 1334 celebraretur.
1598 1294 1752 1348 Regesj

252 1361 324 1398 hec
345 1360 547 1405 videntes,
571 1361 767 1412 putabant
786 1374 855 1398 eos
873 1360 1027 1413 aliquid
1044 1361 1228 1399 maleficii
1245 1361 1444 1413 gessisse.
1462 1361 1590 1409 Tunc,
1610 1361 1752 1413 adpre-

251 1426 378 1464 henso
398 1439 478 1463 uno
506 1426 660 1465 rustico
692 1428 740 1465 de
763 1427 939 1472 civitate,
961 1428 1189 1479 interrogat
1204 1427 1220 1449 ¹³
1242 1441 1332 1465 eum
1363 1440 1435 1465 rex
1460 1426 1751 1466 Childebertus

252 1493 349 1543 quid
365 1492 441 1531 hoc
455 1501 564 1531 esset
580 1495 689 1545 quod
712 1502 880 1546 agerent
896 1494 917 1531 ¹.
942 1493 1019 1542 Qui
1047 1494 1120 1531 ait:
1155 1510 1171 1529 «
1197 1493 1393 1532 Tunicam
1414 1493 1521 1531 beati
1543 1493 1749 1531 Vincentii

254 1576 269 1592 «
296 1558 486 1609 martyris
501 1559 717 1610 deportant
740 1568 777 1597 et
794 1573 882 1598 cum
902 1560 1005 1612 ipsa,
1027 1569 1069 1598 ut
1086 1560 1143 1597 eis
1161 1559 1362 1598 Dominus
1377 1559 1634 1606 misereatur,
1650 1572 1747 1598 exo-

255 1641 270 1658 «
305 1633 408 1662 rant.
430 1640 446 1658 ›>
478 1624 529 1662 Et
550 1625 617 1662 ille
639 1626 693 1663 ait
712 1640 718 1661 :
744 1642 760 1661 «
779 1626 905 1671 Vade,
939 1626 1004 1664 dic
1021 1626 1216 1677 episcopo
1240 1625 1415 1664 civitatis
1435 1629 1477 1663 u't
1499 1638 1588 1663 cum
1602 1625 1750 1663 fiducia

255 1707 269 1723 «
295 1690 428 1727 veniat
449 1690 497 1728 ad
510 1691 714 1737 nos‚nihil
736 1692 973 1729 dubitans.»
996 1691 1065 1730 Ille
1086 1705 1174 1730 cum
1197 1691 1519 1730 hocnunciasset
1535 1691 1746 1743 episcopo,

252 1769 340 1793 cum
372 1757 608 1795 muneribus
630 1758 719 1809 ipse
742 1758 923 1796 occurrit
943 1759 1016 1796 eis.
1040 1757 1330 1796 Childebertus
1350 1770 1448 1795 vero
1476 1757 1664 1796 Parisius
1682 1770 1750 1795 ve-

252 1823 385 1867 niens,
398 1822 609 1860 ecclesiam
626 1823 665 1861 in
682 1823 836 1862 honore
847 1824 952 1862 beati
968 1823 1375 1875 Vincentiimartyris
1387 1823 1751 1862 aedificavit.Tunc

252 1888 560 1928 Theodebertus
582 1904 667 1937 rex,
688 1891 795 1929 filius
816 1891 1074 1939 Theoderici,
1098 1892 1140 1929 in
1157 1891 1310 1930 Italiam
1334 1905 1424 1929 cum
1440 1891 1557 1930 hoste
1572 1891 1752 1943 plurimo

251 1955 362 1993 abiit.
385 1955 713 2008 Langobardosm
739 1957 920 1996 devictos
944 1966 1064 2009 atque
1085 1965 1317 2009 prostratos
1336 1957 1508 1995 maxima
1527 1965 1643 2009 parte
1664 1970 1752 1996 vas-

250 2020 347 2058 tavit
363 2029 400 2059 et
417 2034 486 2059 eos
506 2022 744 2061 tributarios
762 2022 1010 2075 subjugavit,
1032 2031 1070 2061 et
1085 2036 1279 2062 reversus
1304 2031 1366 2061 est
1388 2035 1477 2060 cum
1497 2022 1635 2060 multis
1660 2035 1752 2073 spo-

250 2086 329 2124 liis.

306 2154 368 2190 26.
393 2175 443 2180 -—
463 2153 565 2191 Post
581 2153 669 2201 hec,
688 2168 759 2192 rex
778 2154 1091 2194 Theodebertus
1111 2163 1351 2208 aegrotans,
1379 2155 1490 2192 febre
1506 2153 1639 2192 valida
1665 2166 1752 2192 cor-

254 2227 410 2270 rethS,
432 2229 615 2258 mortuus
636 2229 710 2267 est,
729 2222 999 2273 regnavitque
1015 2222 1133 2260 annis
1152 2221 1259 2259 XIV.
1282 2220 1619 2273 Regnumipsius
1635 2220 1675 2258 in
1688 2233 1752 2258 su-

254 2284 440 2334 periores
459 2285 639 2324 Francos
657 2295 695 2324 et
715 2286 955 2326 Austrasios
984 2287 1289 2335 Theodoaldus,
1311 2287 1419 2325 filius
1455 2285 1556 2338 ejus,
1581 2285 1750 2338 accepit.

258 2349 388 2401 Igitur
420 2351 526 2389 bone
565 2353 758 2391 memorie
787 2353 1019 2392 Crochildis
1049 2354 1191 2406 regina
1225 2353 1418 2405 migravit
1444 2353 1493 2390 ad
1516 2351 1751 2397 Dominum,

296 2476 332 2516 g)
356 2476 475 2516 presul
497 2477 688 2508 sanctionis
710 2483 742 2509 ct
756 2479 849 2509 deest
863 2479 901 2515 D,
918 2478 1095 2519 E‚G‚(Ces
1111 2483 1201 2509 mots
1224 2482 1303 2509 sont
1323 2477 1447 2509 effaces
1463 2477 1550 2507 dans
1573 2477 1604 2507 le
1624 2476 1752 2514 ms.A.)

332 2517 362 2557 *)
382 2519 425 2546 Ce
434 2528 585 2559 passage
599 2519 752 2561 original
764 2531 910 2561 manque
923 2521 1011 2551 dans
1026 2521 1062 2551 C.
1073 2539 1114 2544 -
1133 2520 1158 2560 i)
1179 2520 1501 2560 Caesaraugustam
1520 2518 1698 2549 civitatem
1712 2518 1751 2553 D,

307 2517 351 2594 Ιίῗ,
376 2558 415 2590 G.
437 2577 479 2582 —-
495 2560 521 2600 j)
550 2560 659 2601 Reges
695 2572 776 2592 vero
798 2562 836 2598 E,
860 2562 895 2598 F,
930 2561 969 2593 G.
992 2580 1033 2586 -—
1054 2562 1087 2604 k)
1109 2561 1342 2603 interrogavit
1362 2562 1398 2598 F,
1422 2561 1460 2592 G.
1484 2579 1524 2584 -—
1544 2561 1569 2601 l)
1591 2563 1754 2601 ageretur
1784 2580 1787 2584 .

314 2600 352 2631 G.
375 2617 416 2623 —-
437 2601 482 2641 nl)
505 2601 754 2642 Longobardos
778 2603 813 2639 F,
837 2603 877 2634 G.

286 2582 291 2594 2

284 2623 291 2636 5

296 2782 328 2813 1.
357 2781 438 2811 Voir
453 2782 532 2822 plus
547 2782 642 2812 haut.
661 2794 693 2823 p.
719 2784 766 2813 1⁷1.
