1908 3256
155 606 235 633 33-37

193 1265 228 1292 38

188 1732 222 1759 37

335 291 409 327 20!st
860 307 1045 332 ADEMAM
1078 309 1317 334 Cllnoxlcox

333 398 484 443 tinens,
507 405 544 433 ct
576 396 778 448 imperiali
802 406 976 435 scemate
1011 399 1269 437 extrinsecus
1306 400 1647 440 circumdabatur.
1673 403 1833 441 Deinde

334 463 544 501 Hiberiam
568 472 865 514 repugnantem
883 477 959 515 per
996 478 1124 502 annos
1157 474 1315 517 septem
1353 467 1406 504 ita
1437 468 1618 506 edomuit
1639 477 1681 507 ut
1701 469 1837 507 omnia

336 530 384 567 ad
407 530 623 580 imperium
646 529 755 566 illius
778 532 1019 568 exerceret.¹

393 595 571 633 Ricardo
609 609 724 642 vem,
775 597 921 634 comite
968 597 1202 650 Rotomagi,
1253 597 1336 636 filio
1386 598 1567 646 Ricardi,
1616 600 1837 639 Nortman-

335 676 410 700 nos
445 663 715 713 gubernante,
749 663 965 700 multitudo
1000 677 1155 709 eorum,
1195 677 1284 702 cum
1317 665 1419 703 duce
1466 665 1658 713 Radulfo,
1694 668 1837 706 armati

336 728 506 765 Romam
530 735 568 765 et
588 728 698 775 inde,
723 729 937 767 conivente
968 743 1073 781 papa
1104 729 1344 777 Benedicto,
1372 730 1594 783 Appuliam
1631 733 1834 784 aggressi,

337 803 481 832 cuncta
511 795 754 841 devastant3
790 804 932 833 contra
954 810 1057 848 quos
1092 797 1314 835 exercitum
1355 797 1535 835 Basilius
1573 799 1748 837 intendit
1783 807 1836 846 et,

335 861 638 913 congressione
652 862 715 898 bis
739 870 777 900 et
795 871 857 899 ter
875 863 990 909 facta,
1008 863 1187 900 victores
1204 862 1448 901 Nortmanni
1464 864 1644 903 existunt
1660 880 1670 911 ;
1694 873 1838 916 quarto

338 941 568 979 congressu
589 942 678 966 cum
701 936 822 980 gente
845 928 1078 966 Russorum
1096 929 1193 967 victi
1216 938 1254 967 et
1274 930 1470 981 prostrati
1493 938 1602 978 sunt,
1632 938 1684 977 et,
1717 931 1839 969 innu-

341 994 441 1031 meri
473 994 583 1031 ducti
607 995 1024 1046 Constantinopolim,
1049 1009 1179 1046 usque
1202 996 1251 1033 ad
1283 996 1433 1034 exitum
1453 996 1559 1034 vitae
1588 996 1629 1034 in
1661 997 1838 1034 carceri-
1893 1038 1895 1042 Α

338 1061 415 1096 bus
439 1060 619 1097 tribulati
643 1069 752 1098 sunt.
774 1060 872 1098 Item
891 1061 1150 1106 Nortmanni,
1177 1062 1279 1099 duce
1314 1061 1528 1114 Rotgeri0‚
1569 1062 1610 1099 in
1646 1062 1839 1100 auxilium

346 1126 677 1163 Christianorum
716 1126 755 1163 in
781 1126 1022 1178 Hispaniam
1046 1127 1235 1178 profecti,
1257 1127 1494 1165 innumeros
1519 1127 1839 1166 Sarracenorum

338 1191 579 1229 deleverunt
601 1201 639 1230 et
661 1189 847 1230 cii'itates
869 1201 907 1230 et
929 1193 1096 1230 castella
1114 1194 1162 1230 ab
1186 1194 1245 1231 eis
1268 1194 1526 1231 abstulerunt
1546 1194 1684 1231 multa.

393 1258 475 1295 Per
510 1257 608 1296 haec
646 1267 831 1309 tempora
867 1258 1198 1310 Ermengaudus,
1239 1272 1376 1297 comes
1427 1259 1698 1312 Irgeldensis,
1745 1267 1841 1312 post

338 1324 531 1375 copiosos
582 1324 815 1376 triumphos
864 1325 912 1362 de
964 1325 1121 1363 Mauris
1169 1334 1207 1362 et
1248 1324 1503 1371 Sarracenis,
1543 1325 1701 1377 praelio
1737 1325 1838 1364 inito

336 1390 494 1437 ultimo,
520 1390 863 1429 innumerabilem
897 1399 1076 1443 stragem
1111 1391 1433 1429 Sarracenorum
1474 1391 1709 1444 perficiens,
1745 1392 1838 1430 dum

334 1455 468 1493 victor
486 1457 735 1508 regreditur,
760 1457 880 1494 alium
905 1458 1127 1495 exercitum
1151 1458 1389 1496 Maurorum
1409 1458 1579 1496 offendit
1600 1458 1837 1510 fugientem,

336 1536 456 1574 quem
481 1536 571 1560 cum
596 1524 738 1575 paucis
762 1537 929 1562 suorum
948 1524 1070 1561 lassis
1092 1538 1368 1576 persequens,
1392 1525 1542 1562 multos
1566 1538 1707 1563 eorum
1728 1525 1839 1563 occi-

341 1589 399 1627 dit
422 1590 570 1641 etipse
594 1590 755 1628 cecidit.
781 1590 893 1628 Tunc
918 1590 1050 1628 Otone
1084 1591 1334 1643 imperatore
1372 1592 1563 1630 defuncto
1598 1591 1686 1630 sine
1726 1591 1837 1638 filiis,

339 1655 557 1702 Eenricus,
580 1657 842 1708 propinquus
866 1655 969 1708 ejuS‚
995 1656 1070 1694 Dei
1093 1666 1192 1694 nutu
1214 1657 1431 1709 imperium
1451 1658 1622 1709 accepit.

399 1721 477 1769 Qui
526 1722 566 1759 in
618 1730 728 1759 terra
777 1722 978 1760 Teodisca
1026 1737 1047 1760 a
1073 1737 1180 1761 novo
1230 1723 1432 1761 civitatem
1475 1724 1678 1762 edificavit
1717 1737 1841 1762 voca-

342 1788 437 1826 bulo
462 1788 700 1841 Baenburg,
722 1802 842 1840 quam
866 1789 1116 1827 Benedictus
1150 1803 1256 1841 papa
1286 1790 1327 1826 in
1350 1789 1504 1828 honore
1527 1790 1603 1827 Dei
1626 1790 1841 1842 genitricis

342 1856 600 1893 consecravit
619 1865 657 1893 et
675 1856 939 1907 parroechias
962 1857 1002 1893 in
1027 1856 1198 1893 circuitu
1216 1869 1262 1894 ex
1274 1869 1529 1907 paganorum
1544 1856 1647 1894 vicis
1667 1865 1705 1894 et
1725 1856 1840 1909 oppi-

343 1921 407 1958 dis
426 1922 520 1958 dum
543 1930 898 1967 converterentur,
923 1921 1139 1959 attitulavit
1161 1921 1209 1958 ad
1231 1920 1356 1958 illam.

397 1987 605 2025 Arnaldus
627 1996 775 2034 autem,
815 2001 951 2026 comes
986 1987 1306 2039 Egolismensis‚
1336 2000 1530 2025 monacus
1562 1988 1705 2035 factus,
1730 2000 1841 2025 mor-

342 2062 435 2091 tuus
481 2062 557 2097 est,
608 2054 794 2105 sepultus
839 2052 954 2105 juxta
1001 2061 1159 2104 patrem
1194 2066 1327 2099 suum,
1369 2061 1409 2091 et
1437 2066 1723 2091 successorem
1762 2052 1841 2090 sibi

340 2120 509 2171 reliquit
526 2120 797 2167 XVillelmum,
822 2119 947 2157 filium
970 2133 1102 2164 suum,
1128 2127 1166 2156 et
1188 2118 1407 2156 Fulcaldus
1439 2119 1662 2171 episcopus
1680 2119 1841 2171 pontifi-

339 2195 471 2224 catum
490 2200 565 2238 per
585 2199 645 2224 xlx
669 2200 798 2224 annos
827 2200 953 2238 agens
977 2185 1226 2223 Rannulfum
1250 2199 1535 2224 successorem
1565 2185 1737 2237 accepit,
1762 2199 1842 2236 quo

340 2253 540 2304 episcopo
565 2253 764 2290 existente
790 2266 865 2304 per
894 2265 1040 2290 novem
1078 2265 1206 2289 annos
1230 2260 1269 2289 et
1299 2260 1476 2298 mortuo,
1510 2251 1602 2303 Ugo
1625 2251 1843 2303 episcopa-

340 2326 424 2355 tum
441 2332 517 2369 per
537 2332 665 2356 annos
687 2332 738 2355 xx
761 2318 938 2370 optinuit
957 2326 993 2355 et
1009 2326 1104 2369 post
1126 2331 1214 2355 eum
1233 2317 1517 2354 Grimoardus.
1538 2316 1698 2354 Deinde
1717 2316 1844 2354 domi-

341 2398 418 2421 nus
442 2384 560 2421 Roho
591 2385 762 2422 antistes
786 2384 1020 2435 Egolismae
1052 2383 1262 2435 gloriosus
1284 2383 1460 2420 refulsit.
1492 2382 1568 2419 His
1591 2381 1735 2419 diebus
1757 2381 1844 2418 lues

341 2450 588 2500 gravissima
604 2450 892 2487 Lemovicinos
910 2450 1136 2494 devoravit,
1154 2449 1380 2486 incendens
1400 2461 1576 2499 corpora
1593 2455 1631 2485 et
1646 2461 1694 2485 ex
1708 2447 1845 2484 ardes-

343 2517 473 2553 cendo
516 2517 736 2563 devorans,
761 2517 890 2553 donec
932 2529 1072 2553 omnes
1104 2514 1349 2566 Aquitaniae
1378 2514 1580 2566 episcopi,
1605 2513 1845 2550 Lemovicae

346 2582 607 2634 congregati,
642 2596 792 2634 corpus
824 2581 931 2619 beati
964 2581 1173 2619 Marcialis
1213 2583 1262 2619 ab
1296 2581 1377 2618 imo
1407 2580 1611 2618 sublatum
1637 2579 1844 2631 sepulcro,

349 2649 580 2686 mortalium
602 2648 762 2686 visibus
785 2649 1065 2695 ostenderent,
1089 2656 1127 2685 et
1143 2661 1235 2685 mox
1257 2647 1388 2699 pestis
1405 2647 1494 2698 ipsa
1509 2645 1699 2684 cessavit.
1717 2644 1846 2682 Tene-

386 2787 413 2816 1.
438 2785 525 2814 Tout
543 2796 578 2815 ce
606 2785 664 2825 qui
701 2785 770 2815 suit
801 2785 940 2826 jusqu'ii
971 2787 1034 2815 Per
1068 2784 1151 2814 haec
1178 2788 1327 2825 tempora
1355 2782 1613 2824 Etmengaudus
1633 2785 1685 2812 est
1718 2779 1779 2809 fait
1805 2780 1846 2810 de

341 2826 489 2867 phrases
507 2827 619 2867 priscs
642 2827 728 2856 dans
744 2829 761 2855 ἴ)
783 2839 825 2857 ou
847 2828 865 2856 6
885 2827 1143 2867 paragraphes.
