1908 3256
694 318 809 342 hinnu
844 320 994 343 pumirs
1532 312 1578 345 33

97 411 328 456 comitibus,
368 419 568 448 commoto
609 412 805 457 exercitu,
839 412 877 448 in
918 423 1055 463 partes
1090 414 1305 451 l‘rovincie
1352 415 1497 450 direxit
1543 425 1579 452 ct

97 486 240 531 postea
281 478 488 515 insecutus
542 486 603 515 est
648 492 752 524 eum,
776 480 824 515 ad
864 481 1003 517 urbem
1038 481 1316 517 Avennionem
1368 482 1578 527 accedens,

98 554 280 584 cunctam
304 546 513 597 regionem
541 559 670 596 usque
706 547 799 584 litus
829 548 950 585 maris
980 549 1113 599 magni
1153 547 1471 585 d‹›minationis¹¹
1511 563 1580 586 sue

97 613 292 658 subdidit,
317 621 354 650 et
382 614 516 664 fugato
539 618 658 664 regec
679 613 1011 660 Sarracenorum,
1030 616 1190 652 nomine
1213 615 1385 658 Ammo,
1411 615 1448 651 in
1477 616 1580 652 intc-

95 681 274 719 rioribus
296 681 512 719 tutissimis
536 681 708 732 rupibus
738 682 965 728 maritimis,
1011 684 1119 720 omni
1161 684 1327 733 regione
1361 683 1577 732 adquisita,

97 748 270 786 Karolus
298 748 429 786 victor
449 761 667 799 regressus
705 757 780 793 est,
820 750 930 786 nullo
965 758 1105 787 contra
1135 763 1223 787 eum
1258 749 1491 787 rebellante.
1530 750 1579 786 Et

94 830 284 855 reversus
308 816 483 854 Karolus
517 816 556 853 in
580 816 788 854 Franciam
812 826 997 869 egrotare
1027 819 1132 869 cepit
1170 819 1206 854 in
1238 818 1333 855 villa
1372 817 1578 855 Vermeria

95 904 219 941 super
245 890 407 928 fluvium
444 890 608 928 Iseram.
655 884 776 925 Tunc
813 894 1010 926 mortuus
1052 895 1118 926 est
1158 884 1457 926 Theodericus
1486 900 1575 927 rex.

93 958 208 1000 filius
229 958 472 1019 Dagoberti
490 958 697 1014 junioris,
713 967 756 1000 ct
777 959 964 1000 Karolus
976 959 1203 1000 Martellus
1227 959 1269 999 in
1293 958 1577 1015 ipsainlirmi-

92 1038 180 1072 tate
222 1046 297 1071 sua
323 1030 457 1086 jussit
485 1030 654 1071 elevare
688 1030 732 1071 in
757 1046 906 1090 regem
931 1031 1221 1081 IIihlcricum,
1242 1030 1419 1071 sratrcni
1440 1030 1575 1069 'l'hco-

92 1103 341 1157 derici.Qui
355 1120 507 1145 vecors
525 1104 754 1155 erat,sicut
773 1114 815 1146 et
831 1104 964 1146 frater
984 1107 1077 1161 cjus
1095 1104 1334 1154 sucrat‚sc‹l
1351 1103 1575 1144 meliorem

93 1174 169 1216 illo
192 1190 278 1215 non
308 1183 511 1231 poterant
526 1174 684 1216 Franci
701 1174 898 1216 invenire
922 1176 974 1216 de
998 1176 1121 1232 prole
1139 1175 1292 1235 regali.
1320 1180 1378 1218 Eo
1395 1189 1575 1231 tempore

92 1250 233 1287 beatus
273 1248 498 1300 Gregorius
536 1262 641 1300 papa
680 1250 882 1286 secundus
914 1250 1023 1287 misit
1061 1250 1209 1287 Karolo
1239 1249 1415 1300 principi
1445 1249 1576 1286 claves

87 1314 308 1352 venerandi
324 1314 530 1365 sepulchri
548 1314 685 1352 Sancti
707 1314 819 1352 Petri
842 1329 931 1352 cum
952 1315 1124 1353 vinculis
1147 1314 1328 1366 ejusdcm
1351 1314 1523 1365 apostoli
1540 1323 1577 1351 et

87 1397 175 1421 cum
199 1383 435 1420 muneribus
458 1383 615 1435 magnis
637 1391 675 1420 et
697 1383 863 1421 infinitis
886 1397 960 1435 per
989 1383 1247 1435 legationem,
1272 1383 1380 1434 quod
1401 1391 1515 1420 antea
1537 1383 1575 1419 in

87 1457 208 1495 nullis
231 1458 484 1508 temporibus
509 1458 641 1495 visum
662 1457 755 1496 autu
783 1458 961 1496 auditum
987 1458 1136 1505 suit‚eo
1153 1460 1279 1508 pacto
1295 1460 1341 1491 ut
1356 1452 1575 1491 Romanos

85 1525 349 1567 defenderet
379 1525 431 1567 de
466 1525 770 1586 Langobardis
812 1526 887 1583 qui
922 1526 1056 1567 multa
1094 1525 1204 1567 mala
1232 1525 1414 1566 interra
1437 1525 1573 1566 sancti

82 1599 205 1641 Petri
234 1599 468 1641 faciebant.
497 1606 588 1657 Ipse
611 1606 746 1658 itaque
770 1606 943 1644 Karolus
967 1606 1134 1643 mirifico
1151 1606 1303 1642 honore
1320 1605 1446 1656 ipsam
1464 1605 1574 1655 lega-

78 1673 231 1712 tionem
265 1674 434 1725 recepit,
466 1682 503 1711 et
532 1687 607 1725 per
637 1674 786 1712 missos
819 1689 930 1721 suos,
958 1675 997 1711 id
1030 1682 1091 1711 est
1119 1673 1368 1715 Grimonem,
1392 1674 1572 1709 abbatem

84 1742 368 1780 Corbonensis
392 1742 643 1787 monasterii,
669 1751 706 1780 et
729 1743 1002 1794 Sigebertum,
1027 1742 1228 1780 reclusum
1250 1741 1415 1778 basilice
1438 1740 1573 1778 Sancti

85 1810 263 1848 Dionisii
280 1811 486 1862 martyris,
512 1811 560 1848 ad
582 1811 719 1848 limina
742 1820 972 1849 sanctorum
997 1811 1108 1848 Petri
1131 1819 1169 1848 et
1205 1810 1318 1847 Pauli
1342 1809 1449 1846 misit
1471 1809 1572 1846 mul-

82 1887 121 1916 ta
142 1892 308 1917 munera
327 1879 516 1930 preciosa
538 1893 626 1916 cum
642 1880 745 1931 ipsis
767 1880 911 1932 legatis
926 1879 1115 1931 Gregorii
1136 1893 1253 1930 pape.

136 1952 265 2005 Igitur
287 1953 478 1999 Karolus‚
505 1954 676 1991 consilio
699 1954 935 2006 optimatum
952 1967 1117 1991 suorum
1141 1953 1333 2004 expetito,
1358 1952 1449 1989 filiis
1489 1951 1572 1988 suis

80 2031 207 2070 regna
228 2019 381 2056 divisit.
408 2019 459 2057 Et
479 2020 796 2071 primogenitum
815 2034 930 2057 suum
948 2019 1259 2057 Carlomannum
1284 2017 1512 2055 sublimavit
1533 2017 1572 2053 in

81 2085 318 2124 Alamannia
346 2096 464 2138 atque
498 2087 707 2139 Toringia,
750 2088 919 2125 alterum
962 2087 1151 2138 Pipinum
1175 2086 1283 2123 misit
1311 2086 1349 2122 in
1383 2085 1572 2136 Burgun-

81 2151 186 2189 diam
208 2160 246 2189 et
269 2151 513 2198 Eustriame,
540 2153 751 2190 Franciam
770 2162 808 2191 et
829 2152 1100 2204 Aquitaniam.
1128 2152 1221 2202 Ipso
1244 2165 1363 2193 anno,
1402 2150 1571 2200 Pipinus

80 2220 173 2264 dux,
199 2229 400 2257 commoto
423 2221 601 2258 exercitu
629 2234 717 2258 cum
743 2221 940 2259 avunculo
975 2234 1047 2257 sno
1080 2219 1382 2257 Childebrando
1414 2218 1513 2254 duce
1536 2226 1573 2254 et

81 2284 335 2323 multitudine
365 2286 581 2324 satellitum
610 2286 873 2331 Francorum,
914 2285 1192 2337 Burgundiam
1227 2284 1365 2334 dirigit
1397 2291 1435 2320 et
1474 2283 1571 2318 sines

81 2352 294 2404 regionum
314 2363 576 2405 preoccupat.
598 2353 778 2400 Interim,
795 2355 902 2405 quod
925 2354 1002 2391 dici
1024 2353 1141 2390 dolor
1162 2361 1221 2389 est
1235 2351 1257 2391 f,
1281 2365 1381 2388 nova
1396 2351 1512 2402 signa
1533 2349 1570 2386 in

84 2418 168 2456 sole
191 2427 229 2456 et
250 2419 343 2456 luna
364 2428 403 2457 et
418 2419 546 2457 stellis
569 2429 858 2471 apparuerunt,
883 2429 920 2457 et
939 2420 1039 2456 ordo
1056 2418 1352 2455 sacratissimus
1372 2414 1571 2467 paschalis

84 2493 269 2530 turbatus
293 2502 354 2530 est
370 2503 448 2544 per
472 2487 630 2529 multas
659 2488 864 2548 regiones
888 2504 966 2544 per
994 2503 1189 2527 errorem
1217 2494 1257 2526 et
1280 2483 1570 2543 ignorantiam

86 2560 417 2611 calculatorum,
462 2561 537 2618 qui
578 2563 689 2603 bene
730 2561 987 2603 nesciebant
1032 2560 1267 2601 terminum
1324 2556 1570 2614 paschalem

83 2634 329 2692 repperire,
356 2644 398 2676 et
420 2651 499 2692 per
527 2635 685 2676 multas
714 2635 912 2676 civitates
940 2635 1207 2676 celebratum
1232 2641 1294 2673 cst
1318 2631 1477 2689 pascha
1507 2628 1570 2670 vel

126 2770 165 2810 b)
186 2770 432 2802 dominationis
445 2772 538 2801 deest
559 2774 596 2802 A.
614 2773 694 2812 —c)
712 2773 830 2812 sugam
847 2782 963 2812 regem
990 2772 1025 2801 A.
1043 2789 1080 2794 -—
1097 2770 1129 2810 d)
1148 2780 1206 2799 nce
1223 2769 1258 2803 E,
1277 2766 1572 2805 1³,t‘‚.-c)1.eus-

83 2811 192 2844 triam
216 2812 250 2848 F,
272 2813 313 2844 G.
342 2831 380 2835 —
406 2814 429 2853 f)
447 2814 603 2845 dolorem
625 2815 660 2844 A.
