1908 3256
281 289 353 326 104
796 300 982 326 ΑυιῡΜΛιιι
1014 301 1253 327 οΗιιοΝιροΝ

277 399 314 428 et
336 391 498 428 fratrem
519 403 635 427 suum
657 389 876 441 Emingum
905 390 983 428 sibi
1020 391 1170 428 remitti
1211 400 1371 443 rogant.
1409 391 1497 429 Hoc
1532 404 1653 437 anno,
1677 392 1773 430 idus

274 460 364 497 maii
387 468 481 510 post
503 458 750 504 meridiam&
769 459 936 510 eclipsis
960 459 1059 496 solis
1083 459 1171 505 fuit,
1198 468 1236 497 et
1263 460 1488 511 imperator
1505 459 1638 511 Aquis
1683 460 1771 498 hie-

271 525 406 562 mavit.
434 523 658 575 Incipiente
681 537 844 575 quoque
866 537 1009 570 verno,
1029 523 1294 571 Amalarium‚
1318 525 1617 563 Treverensem
1651 526 1766 577 epis-

271 607 432 645 copum,
456 600 494 630 et
516 592 698 639 Petrum,
717 593 901 630 abbatem
918 593 1153 630 monasterii
1176 591 1389 639 Nantulas‚
1422 601 1596 645 propter
1625 607 1768 646 pacem

273 659 603 701 confirmandam,
621 672 711 696 cum
727 658 954 696 Michahele
970 658 1217 710 imperatore
1230 658 1630 711 Constantinopolim
1645 659 1770 698 misit.

272 727 590 773 Deinde‚habito
613 725 866 778 Aquisgrani
889 727 1072 778 generali
1101 735 1319 774 conventu,
1345 727 1428 765 filio
1452 741 1526 766 suo
1545 727 1771 775 Ludovico,

272 794 361 846 regi
389 792 623 845 Aquitanie‚
667 805 858 830 coronam
898 793 1110 844 imposuit,
1147 801 1185 831 et
1218 793 1446 845 imperialis
1485 793 1664 831 nominis
1695 793 1774 832 sibi

274 871 505 900 consortem
521 861 630 907 fecit,
650 869 688 899 et
709 861 980 908 Bernardum,
1004 870 1196 914 nepotem
1215 876 1347 909 suum,
1366 862 1492 899 filium
1511 860 1667 913 Pipini,
1685 862 1772 910 filii,

274 928 352 975 sui,
378 927 490 966 Italie
519 927 690 979 prefecit
730 935 768 964 et
806 939 946 978 regem
974 928 1174 979 appellari
1208 927 1348 980 jussit.
1385 928 1570 967 Concilia
1590 941 1770 980 quoque,

267 996 388 1049 jussu
407 996 545 1034 domni
568 995 708 1033 Karoli
724 996 1003 1047 imperatoris,
1029 1010 1156 1048 super
1178 1005 1325 1035 statum
1357 997 1623 1035 ecclesiarum
1645 997 1776 1035 corri-

273 1062 449 1115 gendum
467 1074 542 1113 per
559 1069 685 1098 totam
707 1059 879 1099 Galliam
903 1063 951 1099 ab
973 1061 1184 1113 episcopis
1213 1062 1419 1100 celebrata
1450 1070 1558 1100 sunt.
1590 1063 1773 1111 Quorum

274 1142 397 1169 unum
426 1128 703 1180 MogontiaCO‚
744 1128 916 1166 alterum
951 1128 1107 1175 Remis,
1138 1129 1310 1167 tercium
1349 1129 1544 1175 Turonis,
1586 1138 1775 1181 quartum

276 1201 518 1247 cavillonis,
543 1200 728 1251 quintum
750 1199 917 1238 Arelato
937 1210 1229 1253 congregatum
1248 1210 1324 1240 est.
1351 1202 1676 1242 Constitutiones
1698 1216 1776 1255 que

274 1269 315 1305 in
338 1264 514 1316 singulis
534 1264 634 1300 sacte
658 1271 770 1309 sunt,
790 1276 925 1301 coram
944 1264 1191 1314 imperatore
1210 1264 1406 1315 perlattae
1433 1274 1542 1312 sunt,
1567 1280 1668 1317 quas
1708 1268 1777 1319 qui

274 1346 396 1372 nosse
417 1332 518 1375 vult,
542 1328 582 1365 in
604 1328 708 1380 ipsis
732 1329 965 1367 civitatibus
994 1329 1180 1369 invenire
1213 1338 1366 1381 potest,
1398 1344 1632 1383 quanquam
1661 1340 1700 1371 et
1735 1333 1776 1371 in

275 1401 456 1441 archivoj
479 1401 618 1454 palatii
648 1400 898 1452 exemplaria
919 1413 1058 1438 earum
1080 1398 1322 1436 habeantur.
1359 1399 1519 1438 Deinde
1554 1400 1777 1453 imperator

274 1470 383 1508 misit
404 1470 608 1521 primores
632 1468 886 1506 Francorum
908 1476 946 1506 et
969 1467 1183 1505 Saxonum
1204 1476 1319 1506 trans
1342 1466 1505 1505 Albiam
1531 1467 1698 1506 fluvium
1727 1467 1777 1504 ad

276 1539 450 1578 confinia
470 1538 833 1583 Nortmannorum,
857 1537 927 1588 qui
949 1550 1091 1588 pacem
1110 1550 1200 1574 cum
1233 1536 1292 1574 eis
1332 1537 1513 1574 facerent
1551 1536 1775 1574 secundum

276 1605 516 1658 petitionem
537 1618 680 1656 regum
702 1603 866 1640 illorum
881 1602 912 1648 k,
936 1611 974 1641 et
993 1603 1158 1640 fratrem
1181 1615 1324 1640 eorum
1346 1602 1581 1651 redderent.
1618 1601 1777 1640 Occur-

277 1683 419 1713 rerunt
440 1674 476 1712 ei
499 1672 690 1711 sedecim¹
711 1674 759 1711 de
786 1672 1038 1725 primoribus
1058 1672 1268 1710 Danorum
1297 1680 1350 1717 et,
1368 1669 1613 1723 juramentis
1643 1671 1774 1718 factis,

278 1755 326 1780 ex
346 1750 517 1792 utraque
541 1748 655 1791 parte
678 1753 757 1791 pax
786 1739 1023 1777 confirmata
1041 1745 1079 1775 et
1100 1751 1242 1790 regum
1265 1739 1389 1776 frater
1411 1737 1470 1774 eis
1488 1737 1674 1775 redditus
1697 1745 1774 1776 est.

279 1810 492 1848 Danivero
510 1817 651 1846 euntes
668 1809 717 1846 ad
731 1807 1057 1853 VVestarfoldan⁷
1072 1820 1151 1858 que
1172 1807 1288 1858 regio
1299 1806 1439 1844 ultima
1453 1819 1596 1857 regum
1612 1805 1777 1844 illorum

278 1877 384 1914 inter
407 1874 737 1926 Septentrionem
760 1883 798 1911 et
814 1873 1077 1911 Occidentem
1100 1872 1191 1919 sita,
1225 1881 1366 1910 contra
1391 1870 1640 1923 Aquilonem
1681 1872 1777 1910 Bri-

277 1944 414 1984 tannie
429 1942 700 1981 summitatem
720 1942 905 1994 respicit,
930 1943 1253 1994 perdomuerunt
1270 1942 1402 1993 ipsam
1417 1941 1777 1994 regionem.Cum-

279 2024 357 2063 que
379 2016 698 2054 reverterentur,
712 2010 779 2048 alii
798 2008 935 2045 Danim
952 2022 1041 2046 cum
1056 2008 1161 2045 filioss
1180 2007 1382 2046 Gotefridi
1398 2008 1509 2060 regis
1525 2008 1696 2046 insidias
1715 2007 1774 2046 eis

278 2088 486 2131 parantes,
511 2079 726 2132 congressi
750 2086 844 2116 sunt
866 2091 955 2115 cum
997 2077 1055 2115 eis
1095 2085 1134 2115 et
1173 2090 1243 2114 eos
1272 2077 1321 2115 de
1355 2090 1484 2129 regno
1514 2076 1773 2129 expulerunt.

279 2145 488 2192 Preterea,
507 2145 663 2184 Mauris
680 2146 728 2183 de
752 2143 923 2183 Corsica
941 2144 990 2181 ad
1007 2143 1248 2194 Hispaniam
1270 2156 1359 2181 cum
1374 2143 1503 2195 preda
1517 2142 1643 2181 multa
1655 2143 1776 2181 rede-

280 2216 461 2262 untibus,
486 2214 798 2266 Ermengarius,
823 2226 957 2251 comes
981 2212 1289 2263 Emporitanus‚
1313 2212 1354 2249 in
1375 2211 1573 2264 Majorica
1604 2211 1775 2250 insidias

278 2284 418 2336 posuit
439 2292 476 2322 et
497 2292 588 2321 octo
610 2296 734 2321 naves
757 2295 897 2320 eorum
920 2281 1042 2332 cepit,
1067 2281 1108 2318 in
1127 2281 1277 2332 quibus
1292 2281 1542 2332 quingentos
1565 2289 1603 2318 et
1623 2294 1671 2319 eo
1690 2294 1776 2318 am-

280 2353 388 2404 plius
410 2353 594 2404 captivos
619 2351 875 2390 Christianos
898 2349 1066 2387 invenit.
1087 2349 1174 2388 Hoc
1193 2349 1326 2388 Mauri
1346 2349 1555 2388 vindicare
1572 2349 1776 2396 volentes,

281 2420 588 2465 Centumcellis,
631 2419 778 2457 Tuscie
828 2418 1046 2463 civitatem,
1090 2426 1128 2455 et
1163 2417 1411 2469 provintiam
1465 2417 1778 2455 Narbonensem

278 2497 453 2527 vastant.
480 2489 576 2526 Inde
599 2488 829 2526 Sardiniam
850 2487 1054 2539 adgressi,
1080 2487 1298 2524 commisso
1315 2500 1405 2524 cum
1419 2485 1667 2524 Christianis
1679 2499 1778 2537 pre-

279 2557 349 2603 lio,
366 2558 462 2596 victi
480 2566 589 2604 sunt,
614 2566 652 2595 et
667 2557 805 2595 multis
825 2570 992 2594 suorum
1014 2556 1194 2603 amissis,
1213 2557 1308 2608 fuga
1325 2555 1482 2593 reversi
1505 2562 1613 2593 sunt.
1628 2553 1682 2592 At
1696 2553 1787 2606 Mi-4

279 2625 392 2664 chael
408 2626 645 2677 imperator,
664 2625 867 2677 Bulgaros
882 2630 896 2646 ⁰
916 2624 1024 2663 bello
1057 2633 1274 2676 appetens,
1293 2624 1427 2662 victus
1450 2632 1526 2671 est,
1551 2631 1591 2661 et
1611 2623 1776 2661 domum

321 2770 343 2809 i)
365 2770 545 2801 meridiem
567 2771 605 2801 D.
628 2788 666 2792 --
683 2769 710 2810 j)
750 2768 906 2800 archivio
928 2769 966 2799 D.
990 2786 1028 2791 -—
1049 2768 1083 2810 k)
1110 2768 1270 2809 ipsorum
1297 2767 1332 2800 F.
1356 2767 1394 2799 G.
1413 2785 1451 2790 —-
1476 2767 1498 2804 l)
1534 2766 1581 2797 ibi
1600 2765 1775 2797 sexdecim

281 2812 317 2848 F,
340 2812 380 2844 G.
403 2829 442 2835 —
464 2813 510 2852 m)
532 2823 552 2842 a
574 2811 706 2842 Ludani
727 2812 764 2841 A.
787 2828 827 2834 --·
846 2812 882 2851 n)
896 2810 960 2841 filii
975 2811 1012 2841 A.
1035 2828 1075 2834 —
1095 2810 1128 2850 o)
1154 2810 1325 2850 Bulgares
1345 2809 1378 2840 F.
