1908 3256
666 324 783 349 Lmen
815 325 967 351 ramus
1516 322 1562 357 19

73 422 133 451 est
153 412 342 451 vict0r¹¹*.
363 414 436 451 His
450 415 719 465 temporibus.
735 415 805 452 suit
822 415 861 452 in
878 415 1034 454 Vienna
1050 419 1148 455 urbe
1166 427 1272 455 terre
1295 428 1425 457 motus
1443 422 1561 458 maxi-

71 491 173 522 mus,
198 479 253 516 ibi
270 479 392 517 multe
414 479 608 516 aecclesie
639 488 675 516 et
701 481 844 517 domus
865 481 1081 519 multorum
1108 496 1306 520 concusse
1335 485 1495 522 suerunt
1525 495 1562 523 et

70 545 281 582 subverse.
302 544 387 582 Illic
403 545 531 582 bestie
548 545 669 582 multe
686 546 940 592 oberrantes,
957 547 1055 598 lupi,
1082 549 1180 593 ursi,
1194 562 1237 586 ac
1253 549 1362 586 cervi
1384 550 1561 601 ingressi

69 622 144 660 per
163 618 322 661 portam
339 611 512 648 civitatis
543 611 869 662 devorantesque
896 611 1112 662 plurimos,
1144 628 1217 664 per
1252 623 1378 652 totum
1413 630 1559 653 annum

69 674 143 712 hoc
166 675 378 713 faciebant.
397 676 497 713 Nam
510 676 696 713 veniente
714 676 915 714 dominica
932 677 1230 729 sollempnitate
1244 680 1370 717 sancti
1389 680 1559 727 pasche,

69 749 233 778 sanctus
253 741 490 786 Mamertus,
516 742 584 792 qui
600 742 640 779 in
660 754 705 779 ea
725 743 825 779 urbe
854 751 938 779 erat
961 743 1196 794 episcopus,
1227 745 1320 782 dum
1346 745 1560 784 missarum

69 807 312 844 sacrificium
335 807 376 845 in
399 807 488 858 ipsa
512 808 653 859 vigilia
675 807 915 849 celebraret,
937 808 1128 859 palatium
1143 811 1297 862 regale,
1326 812 1434 862 quod
1456 812 1496 849 in
1519 826 1563 850 ea

69 870 231 909 civitate
245 880 343 918 erat,
362 872 500 910 divino
528 873 620 924 ig'ne
638 886 880 910 succensum
909 882 983 910 est.
1017 873 1202 925 Cumque
1228 875 1302 913 hec
1325 885 1557 927 agerentur,

67 937 421 989 adpropinquante
442 938 696 976 Ascensione
719 939 899 985 Domini,
924 939 1068 976 indixit
1085 938 1284 991 jejunium
1306 942 1369 979 vir
1397 951 1559 980 sanctus

67 1001 386 1041 Deitriduanum
405 1004 445 1040 in
458 1004 612 1055 populo
629 1018 717 1041 cum
735 1004 905 1056 gemitui
928 1013 965 1041 ct
981 1005 1231 1044 contricione
1248 1007 1433 1057 spiritus.
1448 1008 1559 1045 Tunc

67 1069 242 1106 cessavit
258 1069 347 1120 ipsa
372 1069 580 1107 tribulatio
617 1078 654 1107 et
688 1070 918 1107 subversio.
963 1069 1170 1122 Deinceps
1207 1085 1347 1109 omnes
1389 1073 1558 1111 ecclesie

66 1132 156 1180 Dei,
176 1148 265 1171 cum
293 1135 530 1173 auctoritate
557 1135 771 1186 apostolici
803 1135 974 1180 romani,
1008 1134 1084 1173 hoc
1115 1138 1342 1189 exemplum
1374 1147 1555 1189 agenteS,

64 1212 193 1250 usque
210 1201 259 1238 ad
280 1214 453 1252 presens
473 1201 583 1252 ipsas
606 1201 774 1239 letanias
794 1202 1002 1240 triduanas
1025 1202 1176 1254 ubique
1195 1204 1355 1242 celebre
1374 1205 1559 1243 recolunt

61 1273 151 1302 ante
172 1264 467 1304 Ascensionem
494 1266 673 1305 Domini.

119 1339 240 1375 16.—
263 1337 376 1375 Tunc
393 1337 626 1375 Clodoveus
647 1351 732 1383 rex,
752 1352 840 1375 cum
862 1339 1044 1377 venisset
1062 1340 1245 1378 Parisius
1262 1341 1479 1387 civitatem,
1503 1342 1556 1380 ait

62 1403 110 1440 ad
132 1403 316 1454 reginam
339 1417 450 1441 suam
473 1412 510 1440 et
530 1404 579 1441 ad
600 1403 796 1454 populum
814 1417 929 1441 suum
951 1420 957 1440 z
985 1421 1001 1440 «
1022 1405 1129 1442 Satis
1149 1405 1246 1443 mihi
1263 1406 1477 1444 molestum
1494 1416 1555 1444 est

63 1486 79 1504 α
115 1470 225 1519 quod
240 1468 362 1507 Gothi
379 1469 703 1520 arrianipartem
725 1470 916 1507 obtimam
946 1470 1170 1508 Galliarum
1198 1480 1374 1509 teneant.
1404 1472 1552 1511 Eamus

62 1551 78 1569 «
113 1548 202 1572 cum
218 1534 294 1573 Dei
313 1535 462 1572 auxilio
487 1543 525 1572 et
547 1535 739 1572 eiciamus
763 1548 832 1572 eos
852 1536 900 1572 de
917 1536 1005 1587 ipsa
1020 1544 1142 1582 terra,
1165 1537 1403 1588 nostrisque
1420 1538 1551 1576 dicio-

62 1616 78 1635 «
113 1601 233 1638 nibus
271 1601 535 1647 subiciamus,
557 1601 651 1651 quia
672 1601 788 1638 valde
811 1602 917 1638 bona
936 1609 1009 1638 est.
1040 1618 1055 1636 n
1084 1602 1322 1653 Placuitque
1351 1602 1426 1640 hoc
1450 1618 1550 1641 con-

59 1665 194 1703 silium
211 1667 456 1718 proceribus
484 1666 748 1704 Francorum.
775 1666 888 1704 Tunc
908 1667 1142 1705 Crochildis
1169 1668 1312 1719 regina
1333 1669 1549 1707 consilium

57 1732 168 1770 dedit
194 1733 283 1784 regi
315 1733 455 1770 dicens
482 1748 488 1769 :
516 1749 533 1767 «
560 1732 730 1769 Faciens
762 1732 877 1770 faciat
897 1732 1097 1770 Dominus
1124 1733 1234 1771 Deus
1256 1734 1471 1772 victoriam
1507 1735 1548 1773 in

58 1814 74 1832 α
109 1798 294 1836 manibus
333 1798 487 1836 domini
521 1798 598 1835 mei
629 1790 762 1849 regis!
799 1797 906 1836 Audi
929 1799 1114 1836 ancillam
1141 1807 1247 1836 tuam
1280 1807 1318 1836 et
1355 1800 1548 1839 faciamus

57 1880 72 1899 α
108 1864 344 1902 aecclesiam
366 1864 407 1901 in
423 1864 578 1902 honore
600 1864 706 1900 beati
732 1863 860 1909 Petri,
884 1864 1088 1915 principis
1110 1864 1408 1916 apostolorum,
1433 1873 1476 1902 ut
1494 1866 1547 1904 sit

55 1946 71 1964 «
104 1930 178 1967 tibi
200 1930 416 1968 auxiliator
436 1930 478 1967 in
493 1929 616 1967 bello.
641 1944 657 1963 »
681 1928 732 1967 Et
750 1942 821 1967 rex
839 1929 893 1966 ait
911 1945 918 1966 :
941 1946 957 1965 «
977 1929 1116 1968 Placet
1134 1929 1209 1968 hoc
1223 1931 1332 1982 quod
1348 1930 1542 1969 hortaris.

54 2012 70 2030 «
106 1994 164 2033 Ita
186 1996 340 2034 faciam.
367 2011 384 2031 »
410 1995 523 2033 Tunc
543 1994 719 2047 projecit
739 1995 776 2032 in
805 1995 1004 2033 directum
1037 2009 1058 2033 a
1086 2009 1128 2034 se
1146 1996 1390 2047 bipennemj
1412 2010 1540 2044 suam,

51 2062 160 2112 quod
182 2069 244 2098 est
265 2061 478 2108 francisca,
492 2069 530 2098 et
550 2060 652 2099 dixit
674 2076 680 2097 :
706 2077 722 2096 «
745 2060 813 2099 Sic
833 2062 900 2099 fiat
921 2061 1119 2099 aecclesia
1137 2063 1348 2100 beatorum
1374 2071 1543 2114 aposto-

52 2142 68 2161 «
87 2126 234 2174 lorum,
247 2127 356 2174 dum,
370 2127 588 2165 auxiliante
607 2126 801 2173 Domino,
819 2135 1073 2165 revertemur
1086 2127 1114 2164 Β.
1130 2143 1148 2163 »
1163 2126 1394 2167 Commovit
1412 2137 1544 2167 autem

48 2205 120 2230 rex
136 2200 325 2231 cunctum
339 2193 561 2231 exercitum
578 2206 710 2240 suum,
724 2193 922 2245 populum
936 2193 1185 2232 Francorum
1199 2201 1237 2231 et
1252 2194 1432 2232 pictavis
1447 2194 1543 2232 diri-

49 2258 121 2310 git.
147 2258 207 2296 Ibi
227 2259 335 2296 enim
355 2267 451 2296 tunc
473 2257 680 2304 Alaricus,
698 2271 770 2295 rex
793 2257 1036 2305 Gothorum,
1052 2260 1394 2298 commorabatur.
1418 2259 1544 2298 Multa

48 2336 145 2374 pars
165 2324 283 2362 etiam
305 2323 485 2362 hostium
503 2337 578 2375 per
592 2323 858 2362 territorium¹
881 2324 1131 2363 Turonicum
1152 2325 1366 2362 transibat.
1397 2324 1543 2363 Prece-

48 2389 108 2440 pit
128 2398 259 2427 autem
290 2403 362 2427 rex
382 2403 458 2441 pro
490 2390 721 2427 reverentia
754 2390 883 2428 sancti
918 2390 1121 2428 Martinim
1143 2399 1185 2428 ut
1206 2390 1309 2429 nihil
1332 2391 1441 2429 aliud
1462 2390 1542 2428 nisi

48 2454 213 2493 herbam
230 2461 536 2507 presumerentn
558 2457 607 2494 ad
626 2469 766 2494 eorum
789 2470 917 2507 equos
934 2458 1258 2495 sustentandum.
1285 2456 1446 2494 Direxit
1464 2457 1541 2494 ita-

49 2533 126 2571 que
146 2521 311 2559 nuntios
330 2535 402 2559 rex
416 2522 465 2558 ad
486 2521 592 2558 beati
612 2521 779 2559 Martini
798 2522 1010 2560 basilicam
1035 2536 1123 2560 cum
1144 2522 1382 2560 muneribus
1405 2520 1540 2559 multis

51 2593 90 2623 et
111 2599 259 2637 equum
281 2600 397 2624 suum
415 2587 736 2634 velocissimum,
759 2601 877 2638 quem
890 2601 961 2625 rex
979 2589 1135 2625 amabat
1155 2587 1374 2638 plurimum
1400 2595 1437 2624 et
1458 2586 1511 2623 ait
1531 2601 1536 2621 :

87 2710 144 2752 h*)
167 2713 252 2742 Tout
278 2723 314 2741 ce
334 2723 484 2753 passage
512 2711 631 2752 depuis
657 2711 848 2743 Clodoveus
870 2712 942 2742 illic
962 2723 1040 2742 eum
1055 2715 1270 2752 persecutus.
1293 2710 1438 2741 obsedit,
1461 2719 1539 2751 sans

49 2751 96 2783 les
109 2753 262 2784 derniers
282 2757 378 2785 mols,
402 2765 546 2794 marique
566 2753 653 2782 (lans
687 2753 723 2783 C.
745 2771 786 2777 -—
805 2753 828 2793 i)
846 2753 976 2794 gemitu
998 2753 1208 2783 contricione
1230 2754 1266 2782 A.
1289 2770 1330 2774 —
1354 2752 1381 2792 j)
1413 2752 1538 2792 bipen-

48 2796 181 2829 namA,
206 2795 243 2831 D,
267 2795 303 2825 E.
325 2813 367 2818 —-
382 2795 416 2835 k)
438 2795 520 2824 dum
541 2799 765 2828 revertemur,
781 2795 875 2824 deest
903 2795 940 2824 E.
963 2813 1003 2818 -—
1036 2795 1058 2835 l)
1074 2794 1338 2835 perterritorum
1371 2795 1409 2828 A,
1432 2793 1471 2824 G.
1499 2812 1539 2817 -—

48 2836 95 2876 m)
110 2836 257 2877 martyri
277 2838 314 2866 A.
336 2854 378 2860 -
396 2836 432 2877 n)
445 2840 686 2877 presumerent
712 2836 868 2876 accipere
884 2837 919 2872 F,
943 2836 981 2866 G.
