1908 3256
287 262 333 298 14
797 273 980 298 ani-:nani
1016 273 1255 297 cunoxxcox

287 381 303 399 ι(
341 363 548 402 Christum
564 363 688 401 filium
705 361 791 414 ejus
815 363 882 413 qui
905 370 942 399 te
971 362 1157 407 redemit,
1183 375 1322 413 regem
1339 360 1780 413 omniu1njusto1·um¹²‚

287 447 302 465 «
339 439 459 468 totam
503 429 747 466 ineffabilem
796 427 1045 479 majestatem
1087 427 1503 479 omnipotentiamque
1553 435 1783 465 coeternam

288 514 302 531 ι(
339 509 531 547 agnosce,
563 504 599 532 et
633 496 807 546 agnitam
831 495 965 539 crede,
996 502 1033 531 et
1060 493 1169 531 idola
1191 507 1293 532 vana
1326 494 1582 544 derelinque,
1602 506 1680 544 que
1701 506 1783 530 non

288 579 303 597 «
340 570 432 599 sunt
449 562 503 599 dii
521 562 592 599 sed
610 561 813 612 sculptilia
834 574 948 604 vana,
969 561 1223 611 incendeque
1246 574 1305 607 ea,
1331 568 1369 598 et
1396 559 1590 597 ecclesias
1607 567 1782 605 sanctas,

288 644 302 662 α
339 642 439 678 quas
475 628 738 670 succendisti,
770 635 966 664 restaura.
994 626 1044 664 Et
1071 635 1288 672 memento,
1321 640 1465 678 queso,
1496 634 1539 664 ut
1572 625 1784 676 requirere

288 710 303 727 α
339 694 486 730 debeas
508 693 739 744 portionem
764 692 964 744 genitoris
994 692 1070 729 mei
1093 700 1132 730 et
1159 692 1375 744 genitricis
1401 705 1503 737 mee,
1535 705 1638 743 quos
1663 703 1784 728 avun-

289 776 303 793 α
337 759 450 796 culus
479 773 590 796 meus
615 758 893 796 Gundobadus
918 758 1020 795 malo
1050 758 1193 796 ordine
1227 758 1446 804 interfecit,
1478 757 1511 795 si
1546 756 1784 809 sanguinem

290 842 305 859 υ,
333 838 471 861 vorum
495 824 694 861 Dominus
710 824 903 862 vindicet.
928 840 944 858 n
979 824 1030 860 Et
1053 823 1286 862 Clodoveus
1313 824 1392 861 ait:
1431 840 1447 860 «
1482 823 1617 862 Unum
1642 829 1783 867 restat,

333 891 442 940 quod
479 890 601 941 petis,
636 889 796 927 difficile
833 898 874 927 ut
909 891 1007 927 deos
1037 903 1149 927 meos
1184 890 1414 941 relinquam
1440 897 1478 927 et
1516 890 1635 927 deum
1673 896 1785 925 tuum

336 955 479 1001 colam,
504 956 613 993 aliud
634 970 732 993 vero
755 957 863 1007 quod
886 956 1008 1007 petis,
1027 964 1069 993 ut
1084 964 1274 1008 potuero,
1289 956 1444 994 faciam.
1465 971 1481 990 »
1504 954 1555 992 Et
1576 954 1644 991 illa
1656 953 1782 991 dixit:

291 907 298 924 (

291 972 298 989 (

291 1039 306 1056 α
335 1021 422 1059 Hoc
447 1022 663 1059 maximum
686 1028 700 1050 ‘³
718 1031 813 1073 peto
836 1031 877 1060 ut
894 1022 1114 1060 Dominum
1129 1022 1259 1060 Deum
1280 1022 1616 1074 omnipotentem,
1637 1019 1706 1071 qui
1725 1026 1787 1056 est

291 1105 305 1122 α
333 1088 372 1124 in
393 1088 506 1133 celis,
525 1089 685 1125 adores.
713 1103 729 1122 »

348 1174 410 1213 Eo
451 1181 650 1228 tempore
695 1174 881 1213 Sanctus
922 1171 1169 1228 Eparchius
1210 1181 1337 1214 natus
1367 1181 1433 1214 est
1472 1180 1596 1229 patre
1625 1169 1785 1211 comite

291 1244 596 1304 PetrogoriCe,
623 1243 801 1285 nomine
836 1243 999 1295 Felice,
1038 1243 1113 1301 qui
1147 1253 1315 1300 postea,
1354 1244 1511 1301 plenus
1535 1241 1783 1293 sanctitate,

290 1325 500 1373 patronus
523 1315 748 1375 Egolisme
772 1324 784 1340 r
805 1315 994 1356 civitatis
1023 1314 1161 1356 sactus
1191 1324 1257 1357 est
1276 1317 1284 1338 ⁴
1306 1318 1329 1356 ¹.

342 1403 401 1437 12³.
422 1423 473 1427 -——
496 1399 555 1436 Eo
577 1407 761 1450 tempore
788 1399 1019 1437 Clodoveus
1045 1400 1190 1437 iterum
1219 1400 1259 1437 in
1288 1399 1570 1451 Burgundiam
1597 1397 1787 1436 Aurelia-

288 1480 381 1502 num
404 1467 451 1503 ad
469 1465 764 1503 Gundebadum
781 1465 923 1516 dirigit
943 1474 1115 1517 propter
1136 1466 1372 1503 thesaurum
1390 1464 1624 1504 Croehildis
1643 1464 1786 1516 regine

288 1545 372 1568 sue.
418 1531 697 1569 Gundobadus
732 1531 867 1582 itaque
895 1531 936 1568 in
978 1531 1038 1568 ira
1072 1539 1301 1568 commotus
1336 1531 1390 1569 ait
1424 1546 1431 1568 :
1460 1547 1477 1566 «
1505 1529 1713 1581 Numquid
1746 1528 1787 1566 in

290 1614 306 1632 α
341 1611 482 1634 manus
532 1597 727 1635 Clodovei
764 1597 940 1634 traditur
982 1611 1155 1648 regnum
1196 1610 1328 1634 meum
1363 1605 1429 1634 aut
1467 1595 1649 1641 thesauri
1682 1594 1788 1632 mei?

290 1680 305 1697 r<
339 1663 483 1700 Nonne
505 1671 675 1700 testatus
698 1663 752 1700 sui
779 1663 867 1707 tibi,
898 1662 1133 1709 Aureliane,
1170 1671 1213 1700 ut
1238 1677 1320 1700 non
1353 1663 1519 1701 venires
1547 1661 1722 1713 amplius
1745 1660 1787 1697 in

291 1746 306 1763 ι(
333 1742 502 1779 regnum
520 1742 651 1766 meum
665 1729 878 1780 explorare
896 1735 906 1750 ⁵
925 1729 1196 1766 substantiam
1219 1742 1362 1766 meam.
1388 1728 1470 1766 Per
1485 1728 1655 1765 salutem
1670 1726 1789 1778 prin-

291 1810 306 1828 «
342 1794 475 1845 cipum
492 1793 603 1846 juro,
621 1803 828 1832 revertere
851 1795 931 1832 cito
955 1803 992 1832 et
1008 1795 1154 1832 recede
1170 1808 1191 1832 a
1216 1808 1302 1841 me;
1323 1794 1384 1831 sin
1401 1802 1548 1839 autem,
1569 1807 1645 1845 ego
1661 1792 1790 1830 inter-

291 1877 306 1894 «
341 1860 469 1897 ficiam
487 1868 539 1897 te.
568 1876 583 1895 ))
610 1860 684 1898 Cui
715 1859 958 1898 Aurelianus
981 1860 1199 1912 respondit
1215 1860 1383 1898 dicens:
1411 1876 1427 1895 «
1452 1859 1562 1897 Vivit
1588 1858 1790 1896 Dominus

294 1942 307 1959 ι(
344 1939 456 1962 meus
480 1925 711 1963 Clodoveus
735 1940 805 1963 rex
829 1935 865 1964 et
882 1926 1027 1964 Franci
1051 1927 1118 1978 qui
1143 1940 1230 1964 cum
1248 1940 1294 1964 eo
1318 1934 1425 1973 sunt,
1451 1925 1545 1977 quia
1565 1938 1646 1962 non
1668 1924 1790 1962 timeo

296 2008 311 2025 α
349 1992 478 2028 minas
513 1999 602 2028 tuas
631 1993 723 2029 dum
752 1993 953 2030 Dominus
976 2006 1089 2030 meus
1118 1993 1284 2038 advivit,
1322 2001 1359 2030 et
1393 1992 1451 2029 sic
1479 1992 1640 2029 mandat
1684 1990 1790 2028 filius

299 2072 313 2090 ι(
350 2065 442 2093 tuus
478 2057 673 2108 proprius
710 2057 941 2095 Clodoveus
982 2072 1067 2103 rex,
1097 2058 1165 2095 ubi
1198 2072 1275 2109 pro
1309 2057 1501 2095 thesauro
1541 2056 1682 2094 uxoris
1721 2069 1792 2093 sue

296 2138 311 2156 α
354 2122 517 2159 domine
529 2136 614 2160 mee
632 2124 818 2160 adveniat
838 2129 895 2160 ¹¹.»
911 2124 1040 2175 Igitur
1055 2123 1389 2175 Burgundiones,
1409 2123 1513 2160 sicut
1535 2130 1597 2159 est
1617 2134 1792 2159 eonsue-

297 2189 439 2235 tudov,
470 2189 562 2225 dato
592 2189 765 2226 consilio
788 2189 1044 2227 Gundobado
1071 2190 1159 2241 regi
1182 2203 1271 2235 suo,
1305 2189 1493 2227 dixerunt
1518 2204 1525 2225 :
1553 2205 1570 2224 «
1595 2187 1657 2225 Da
1680 2187 1792 2239 nepti

303 2270 319 2288 <z
354 2261 420 2290 tue
448 2253 601 2304 aliquid
630 2255 677 2291 de
701 2255 885 2293 facultate
905 2254 1086 2293 thesauri
1108 2255 1170 2293 sui
1204 2269 1282 2306 que
1317 2255 1352 2292 ei
1381 2254 1581 2306 contingit
1613 2253 1708 2305 quia
1734 2252 1791 2290 sic

338 2379 374 2419 p)
397 2379 522 2419 Regem
544 2380 697 2410 omnium
716 2379 891 2420 justorum
906 2380 999 2410 deest
1019 2381 1055 2411 E.
1078 2399 1119 2403 —
1138 2380 1174 2421 q)
1195 2380 1344 2411 maxime
1364 2381 1401 2416 F,
1419 2380 1458 2411 G.
1480 2397 1522 2403 —
1540 2379 1570 2417 r)
1592 2377 1793 2419 Engolisme

299 2420 334 2453 F.
371 2420 409 2451 G.
432 2439 472 2443 —
494 2425 523 2458 s)
544 2421 719 2462 expoliare
746 2422 782 2452 E.
805 2440 845 2445 -—
865 2424 890 2462 t)
910 2422 957 2452 Eo
978 2426 1173 2463 tempore...
1211 2424 1323 2453 sactus
1363 2426 1415 2453 est
1434 2422 1528 2451 deest
1548 2421 1583 2451 C.
1612 2439 1653 2443 —
1677 2424 1713 2460 u)
1744 2422 1792 2449 La

297 2461 451 2533 &limis-35:
474 2463 701 2535 ijichandat
720 2482 760 2486 -—
787 2464 951 2495 adveniat
970 2464 1064 2494 deest
1083 2464 1121 2499 E,
1149 2464 1185 2500 F,
1209 2464 1247 2495 G.
1270 2483 1311 2487 -—
1331 2464 1364 2506 v)
1387 2464 1477 2494 sicut
1502 2467 1555 2493 est
1580 2461 1792 2492 consuetudo

298 2516 308 2532 ι
324 2514 376 2532 ees
425 2515 449 2540 ι,
485 2516 508 2540 ⁴,
560 2530 564 2534 .

349 2694 381 2725 1.
413 2693 447 2724 Si
475 2694 670 2725 l'usserticn
692 2697 874 2727 d'Ademar
896 2701 948 2726 est
974 2701 1101 2730 exacte.
1138 2697 1230 2727 saint
1251 2697 1367 2738 Cybar
1387 2696 1494 2727 serait
1513 2698 1555 2726 ne
1588 2707 1665 2728 vers
1686 2697 1746 2727 493
1760 2700 1794 2727 et

302 2735 418 2764 aurait
433 2738 515 2766 veru
540 2738 607 2766 sort
627 2738 824 2778 longtenips
848 2739 1012 2779 pilisqu'il
1040 2744 1179 2769 mourut
1205 2739 1235 2769 le
1269 2740 1317 2769 1cr
1346 2739 1461 2780 juillet
1492 2739 1564 2774 581,
1593 2738 1733 2770 suivant
1762 2739 1794 2768 le

303 2780 412 2806 nii-me
428 2777 671 2819 chroniqueur.
698 2780 733 2809 V.
751 2781 829 2820 plus
845 2780 915 2810 loin
931 2791 964 2820 p.
983 2781 1032 2810 28.
