1908 3256
702 323 820 347 Lmen
855 323 1005 347 PRIMUS
1539 312 1587 348 31

101 414 159 452 sic
180 414 285 451 inter
306 426 348 450 se
388 413 427 450 hi
450 421 654 463 quattuor,
679 412 719 449 id
749 421 809 449 est
833 412 1114 457 Chai-ibertus,
1158 412 1449 457 Guntrainnus,
1479 412 1585 450 Chil-

99 479 262 530 pericus
285 487 403 530 atque
427 477 684 529 Sigebertus,
703 478 946 516 divisionem
963 477 1183 529 legitimam
1202 478 1307 515 inter
1326 491 1368 515 se
1391 478 1570 515 fecerunt
1584 513 1594 522 ,

100 544 350 596 Accepitque
374 542 639 582 charibertus
660 555 832 595 regnum
862 542 1113 581 Childeberti
1137 543 1355 594 sedemque
1378 543 1588 580 constituit

103 609 286 647 Parisius
305 624 314 654 ;
368 607 646 647 Guntramnus
685 622 856 661 regnum
897 608 1143 647 Clodomiris
1184 609 1354 659 accepit,
1409 607 1592 645 Aurelia-

102 688 260 726 nusque
283 675 419 712 sedem
438 674 613 712 instituit
630 689 638 719 ;
666 673 924 726 Chilpericus
939 687 1036 712 vero
1054 687 1225 726 regnum
1243 673 1440 712 Clotharii
1467 673 1593 724 patris

102 741 163 778 sui
180 741 400 792 accipiens,
420 740 657 778 Suessionis
678 741 840 778 civitate
857 741 994 778 sedem
1013 741 1151 778 statuit
1168 754 1176 785 ;
1202 739 1443 791 Sigebertus
1464 747 1593 776 auten:

100 819 272 857 regnum
294 805 536 844 Theoderici
559 806 729 857 accepit,
770 806 908 843 sedem
929 806 1077 843 habere
1106 805 1246 842 Remis
1269 805 1428 842 civitate
1446 810 1459 826 ³
1497 817 1595 841 con—

105 871 248 909 stituit.
561 877 566 880 ’

160 939 221 975 29.
242 959 294 965 —
315 937 415 975 Post
433 945 602 975 mortem
626 936 823 975 Clotharii
839 937 966 989 regis,
986 935 1095 974 Huni
1112 936 1299 973 commoti
1318 949 1405 973 cum
1419 935 1596 986 Cageno,

106 1015 203 1054 rege
227 1016 315 1050 suo,
342 1003 493 1040 Gallias
511 1002 651 1040 venire
674 1003 892 1041 destinant.
919 1003 1071 1041 Contra
1093 1015 1196 1053 quos
1220 1001 1460 1053 Sigebertus
1485 1016 1600 1038 exer-

108 1070 229 1108 citum
251 1070 400 1115 movit5
426 1080 565 1108 contra
586 1085 655 1108 eos
675 1070 832 1108 sortiter
850 1078 1104 1121 pugnaturus
1129 1067 1316 1113 accessit,
1344 1067 1485 1105 Hunos
1509 1081 1602 1119 pro,

109 1137 252 1174 stravit
276 1145 396 1188 atque
417 1137 566 1175 devicit
589 1146 626 1175 et
648 1138 689 1174 in
710 1149 780 1174 ore
815 1135 939 1187 gladii
975 1149 1044 1173 eos
1080 1136 1246 1187 fugavit.
1273 1135 1352 1172 Sed
1374 1143 1515 1186 postea
1533 1148 1603 1171 rex

112 1215 251 1240 eorum
273 1202 470 1240 amicitias
509 1217 598 1240 cum
629 1203 846 1254 Sigeberto
882 1202 998 1253 petiit
1028 1210 1065 1239 et
1086 1215 1160 1252 per
1176 1202 1324 1238 missos
1347 1214 1442 1237 suos
1464 1214 1602 1251 pacem

111 1282 200 1305 cum
224 1281 270 1305 eo
291 1269 529 1319 postulavit,
554 1282 830 1319 reversusque
856 1276 916 1305 cst
939 1268 979 1305 in
1001 1281 1172 1319 regnum
1191 1280 1320 1304 suum.
1347 1266 1451 1304 Dum
1474 1274 1604 1303 autem

113 1333 195 1370 illic
217 1342 445 1371 moraretur
468 1333 724 1385 Sigebemus,
745 1333 1004 1384 Chilpericus
1028 1334 1151 1370 frater
1167 1331 1267 1383 ejus,
1287 1332 1400 1369 hoste
1421 1331 1603 1373 collecto,

113 1398 252 1436 Remis
294 1400 475 1450 pervasit
494 1430 501 1445 ,
546 1398 809 1451 Campaniam
852 1398 1061 1436 succendit
1101 1407 1138 1435 et
1178 1398 1385 1449 predatam
1418 1397 1603 1434 vastavit.

115 1464 355 1515 Sigebertus
378 1479 540 1516 quoque
563 1465 726 1502 rediens
756 1465 886 1502 victor
908 1466 955 1502 ab
987 1464 1134 1509 Hunis,
1160 1472 1298 1501 contra
1332 1463 1606 1514 Chilpericum

115 1530 336 1567 exercitum
358 1531 496 1576 movit,
523 1531 787 1568 Suessionem
806 1530 1007 1567 civitatem
1030 1537 1214 1581 occupat,
1240 1529 1377 1579 ibique
1402 1528 1607 1565 inventum

117 1594 445 1633 Theodebertum
466 1597 592 1634 filium
616 1596 839 1648 Chilperici
874 1595 1143 1647 apprehendit
1160 1604 1197 1632 et
1219 1595 1259 1631 in
1283 1594 1402 1631 exilio
1418 1594 1609 1631 transmi-

117 1660 182 1698 sit.
200 1660 412 1699 Accedens
447 1671 577 1700 autem
600 1671 740 1699 contra
775 1661 1068 1713 Chilpericum,
1094 1661 1244 1698 bellum
1267 1660 1495 1697 commovit.
1521 1659 1610 1706 Quo

116 1726 223 1764 victo
248 1736 367 1778 atque
402 1729 539 1780 fugato
574 1728 756 1765 civitates
794 1741 887 1765 suas
924 1727 963 1764 in
1000 1740 1072 1764 sua
1107 1726 1381 1764 dominatione
1416 1725 1607 1763 restituit.

117 1791 444 1831 Theodebertum
464 1807 562 1831 vero
584 1794 710 1831 filium
732 1792 819 1845 ejus
854 1794 961 1844 apud
997 1793 1268 1830 Pontinonem
1301 1792 1438 1829 villam
1478 1800 1609 1829 custo-

116 1857 194 1895 diri
211 1856 335 1909 jussit
355 1873 430 1910 per
451 1873 599 1897 annum
624 1859 842 1910 integrum.
871 1859 999 1907 Quem
1027 1867 1184 1909 postea,
1223 1858 1399 1896 clemens
1435 1866 1477 1894 ut
1512 1865 1609 1900 erat,

117 1924 353 1962 muneribus
377 1925 547 1963 ditatum
569 1926 677 1976 patri
695 1925 875 1963 reddidit
899 1938 1055 1969 sanum,
1093 1924 1197 1962 datis
1236 1924 1313 1961 sibi
1349 1923 1612 1960 sacramentis

117 2002 167 2027 ne
189 2003 366 2041 unquam
388 1999 528 2029 contra
549 2005 640 2029 eum
670 1990 825 2042 aliquid
847 2003 967 2042 agere
999 1990 1181 2035 deberet,
1218 1989 1327 2040 quod
1350 1997 1492 2040 postea
1517 2001 1613 2039 pec-

118 2055 217 2093 catis
239 2055 526 2107 ingruentibus
564 2056 636 2094 fuit
669 2056 892 2107 inruptum.
932 2055 1198 2094 Charibertus
1232 2067 1305 2092 rex
1340 2053 1609 2105 Ingobergam

119 2121 232 2159 duxit
258 2134 440 2168 uxorem,
478 2121 733 2173 habebatque
769 2122 858 2173 ipsa
892 2121 1035 2173 regina
1066 2120 1224 2172 puellas
1260 2120 1360 2158 duas
1402 2117 1611 2170 cujusdam

120 2187 313 2238 pauperis
335 2187 438 2225 filias
460 2187 581 2225 nimis
603 2187 797 2238 pulchras
820 2195 858 2224 et
880 2187 1090 2238 speciosas
1109 2201 1117 2231 ;
1142 2199 1289 2224 nomen
1306 2185 1482 2223 senioris
1504 2184 1614 2222 Mar-

122 2253 274 2297 covefa,
295 2266 442 2290 nomen
459 2251 637 2304 junioris
660 2252 895 2290 Merossedis
930 2253 1166 2297 vocabatur,
1203 2252 1244 2289 in
1275 2264 1444 2302 quarum
1475 2263 1609 2288 amore

123 2316 389 2356 Charibertus
412 2331 484 2356 rex
501 2318 622 2356 nimis
645 2327 851 2356 exarserat
867 2317 895 2354 ¹³.
922 2317 1022 2356 Nam
1044 2327 1082 2356 et
1109 2326 1264 2369 patrem
1301 2330 1437 2355 earum
1471 2316 1610 2353 lanefi-

123 2382 173 2419 cii
199 2383 527 2435 compositorem
566 2383 653 2420 fieri
695 2382 875 2435 jusserat
908 2383 1138 2435 Ingoberga
1169 2388 1197 2428 ⁰,
1239 2391 1277 2420 et
1304 2382 1507 2433 affligebat
1545 2395 1611 2419 eas

125 2447 250 2485 nimio
283 2449 376 2486 odio
397 2462 473 2500 pro
492 2448 564 2485 hac
587 2462 722 2486 causa.
748 2449 810 2486 Ob
850 2448 925 2486 hoc
956 2449 1076 2486 nimis
1108 2448 1233 2486 iratus
1268 2461 1340 2485 rex
1374 2447 1612 2485 Caribertus

126 2512 396 2566 lngobergam
414 2514 607 2566 reliquid,
629 2522 667 2552 et
687 2514 950 2553 Merossedem
979 2514 1135 2566 accepit
1156 2503 1323 2551 uxorem
1339 2512 1367 2549 ¹¹.
1407 2512 1507 2550 Post
1527 2512 1614 2557 hee,

131 2587 169 2616 et
190 2578 462 2618 Marcovefam
481 2593 665 2618 sororem
687 2578 774 2632 ejus
807 2580 953 2618 iterum
971 2581 1020 2618 ad
1043 2578 1276 2631 conjugium
1295 2578 1514 2629 copulavit,
1539 2590 1614 2629 pro

169 2727 202 2765 a)
223 2724 363 2756 civitate
382 2725 475 2755 deest
495 2724 532 2761 E,
555 2725 591 2761 F,
614 2724 653 2755 G.
676 2742 718 2748 —
736 2725 771 2765 b)
793 2724 923 2756 exarsit
948 2725 984 2760 F,
1014 2724 1052 2755 G.
1075 2741 1116 2747 —
1135 2724 1164 2764 c)
1182 2725 1266 2753 Τοιιι
1286 2722 1314 2752 le
1334 2733 1482 2765 passage
1501 2721 1619 2763 depuis

128 2784 354 2816 charibertus
376 2795 436 2815 rex
464 2784 696 2825 Ingobergam
711 2784 852 2826 jusqu’d
885 2788 917 2814 et
944 2783 1126 2824 affligebat
1141 2785 1188 2813 est
1209 2783 1291 2813 omis
1307 2783 1393 2813 dans
1408 2782 1444 2812 Ε.
1461 2799 1501 2806 -
1521 2782 1555 2822 d)
1577 2781 1620 2811 ad

129 2855 270 2874 uxorem
289 2845 328 2880 A,
350 2845 389 2881 D,
406 2844 443 2874 E.
