1908 3256
697 297 813 322 Lissnn
845 297 1019 322 TERTIUS
1530 293 1593 327 111

114 383 440 438 SilveCandide,
459 393 497 423 et
513 385 753 423 Theodorus
770 386 1090 432 nomenculator,
1107 394 1144 423 et
1167 386 1334 439 Sergius
1359 390 1436 426 dux
1460 392 1599 427 subse-

109 449 189 487 cuti
211 450 259 487 de
281 449 343 486 his
371 463 449 500 que
472 451 637 488 domino
676 465 748 488 suo
783 450 1076 488 obiciebantur*
1099 465 1170 502 per
1201 454 1332 490 omnia
1367 455 1598 505 imperatori

109 515 408 552 satisfecerunt.
453 515 594 566 Legati
649 516 869 553 Sardorum
908 526 1107 554 venerunt
1146 519 1193 554 de
1235 518 1368 555 Caroli
1424 521 1597 561 civitate„

108 580 213 617 dona
254 581 446 626 serentes,
472 589 509 617 et
532 594 608 631 pax
638 595 725 618 cum
760 580 955 618 Ambulaz
993 596 1086 632 rege
1129 582 1443 621 Sarracenorum
1487 587 1599 626 sarta.

107 658 182 696 per
210 645 430 682 triennium
465 655 622 683 servata
667 655 704 683 et
744 646 848 683 velut
871 646 1024 683 inutilis
1064 656 1178 697 rupta
1201 657 1275 686 est.
1302 657 1337 685 vt
1361 658 1498 686 contra
1534 665 1601 687 eos·

110 711 252 747 iterum
282 710 431 747 bellum
471 720 705 762 susceptum
748 711 1095 749 est.Nortbe1-tus
1137 713 1357 764 epist-opus
1394 723 1430 751 et
1466 715 1603 751 niwi-

111 789 202 821 nus,
239 789 374 813 comes
410 776 662 822 pictavinus,
707 777 754 814 de
797 776 1153 828 Constantinopoli
1188 780 1382 829 1·‹7·g1·essi‚
1425 781 1602 830 descrip-

110 840 260 878 tionem
282 841 403 891 pacti‚
429 855 551 892 quam*
572 841 653 878 Leo
687 842 907 892 imperator
941 843 998 879 eis
1034 843 1213 882 dederat.
1250 844 1492 882 detulerunt.
1528 846 1603 891 Qui

110 905 216 943 inter
249 914 382 943 cetera
409 915 517 944 terre
541 915 691 944 motum
713 907 1015 957 gravissimum,
1042 922 1178 944 mense
1201 919 1388 959 augusto,
1413 924 1486 959 per
1505 924 1603 946 con-

109 971 245 1008 tinuos
269 971 448 1022 quinque
472 971 558 1008 dies
580 972 633 1009 ibi
669 972 893 1023 contigisse
929 972 1169 1017 retulerunt,
1213 988 1291 1024 quo
1326 974 1454 1025 ipsius
1490 975 1604 1025 plura

111 1037 224 1074 urbis
264 1037 446 1074 aedificia
486 1037 735 1083 ceciderunt,
773 1046 810 1075 et
843 1037 1008 1074 aliarum
1047 1038 1249 1075 civitatum
1295 1040 1434 1090 populi
1478 1040 1604 1076 ruinis

111 1102 303 1153 oppressi
326 1110 432 1140 sunt.
471 1101 696 1139 Sanctonaj
725 1116 902 1154 quoque,
928 1103 1069 1140 civitas
1101 1102 1332 1153 Aquitanie,
1358 1118 1494 1141 mense
1517 1119 1604 1155 sep-

110 1166 298 1212 tembrio,
323 1166 439 1204 valde
478 1167 643 1204 tremuit
676 1176 715 1204 et
754 1167 883 1204 ruinis
919 1167 1041 1205 multa
1072 1168 1308 1218 prostravit.
1336 1168 1497 1205 llrrnus
1532 1169 1605 1205 slu-

110 1232 198 1270 vius
229 1231 392 1283 Alpinis
441 1232 655 1283 ymbribus
696 1241 836 1269 auctus
879 1241 939 1269 est
979 1233 1083 1269 ultra
1117 1233 1293 1279 solitum,
1337 1242 1374 1271 et
1414 1234 1602 1274 Romani,

111 1311 200 1335 cum
242 1297 420 1335 Leonem
460 1311 605 1348 papam
647 1298 877 1349 egritudine
919 1298 1161 1335 decubuisse
1196 1299 1395 1344 viderent,
1439 1299 1604 1336 collecta

112 1376 245 1408 manu,
280 1363 415 1400 omnia
444 1363 629 1414 predicta
657 1377 731 1414 que
772 1363 879 1400 idem
918 1363 1098 1414 pontifex
1138 1363 1178 1400 in
1220 1364 1467 1414 singularum
1505 1365 1605 1401 ‹rivi-

112 1436 235 1466 tatum
273 1428 494 1466 territoriis
536 1428 696 1466 noviter
737 1437 1033 1472 construxerat,
1058 1429 1190 1479 primo
1224 1429 1434 1480 diripiunt,
1459 1429 1603 1467 deinde

110 1494 296 1531 immisso
319 1494 413 1545 igne
437 1503 632 1532 cremant.
659 1494 747 1531 Rex
786 1508 882 1532 vero
918 1495 1168 1538 Bernardus,
1213 1495 1336 1531 misso
1376 1495 1602 1546 NX'inigiso,

113 1560 213 1596 duce
237 1559 498 1610 Spolitanno‚
525 1574 614 1597 cum
637 1560 816 1597 exercitu
840 1560 1081 1597 seditionem
1105 1560 1211 1596 illam
1247 1560 1418 1604 sedavit,
1458 1569 1495 1597 et
1529 1574 1605 1611 que

113 1632 230 1675 gesta
247 1632 362 1662 erant
379 1638 454 1675 per
476 1624 633 1676 legatos
656 1624 919 1675 imperatorik
938 1624 1152 1662 mandavit.

169 1692 204 1727 ⁴2.
230 1712 281 1717 -
303 1689 462 1727 ⁴Hieme
480 1698 698 1735 transacta,
724 1690 905 1727 Saxones
928 1689 1146 1726 orientales
1166 1698 1203 1727 et
1226 1689 1367 1727 Franci
1385 1688 1490 1740 jussi
1514 1699 1606 1727 sunt

114 1755 245 1792 facere
269 1755 571 1806 expeditionem
594 1757 642 1793 ab
665 1755 911 1807 imperatore
933 1764 1072 1792 contra
1094 1755 1291 1792 Sorabos¹
1315 1755 1478 1792 Sclavos
1498 1770 1506 1800 3
1537 1755 1605 1806 qui

114 1820 312 1871 imperata
334 1829 498 1858 strenue
523 1823 719 1865 fecerunt,
736 1830 773 1859 et
795 1821 1082 1859 contumatium
1105 1821 1300 1858 audatiam
1324 1834 1448 1871 parvo
1471 1820 1606 1857 labore

115 1895 465 1937 compresserunt.
491 1887 591 1925 Nam
614 1900 692 1924 una
714 1887 874 1924 civitate
897 1895 1140 1938 expugnata,
1165 1886 1410 1937 quicquidin
1429 1899 1473 1923 ea
1488 1894 1606 1936 gente

116 1952 270 1989 rebelle
303 1952 533 1999 videbatur,
577 1951 830 2004 subjectione
870 1952 1075 2003 promissa
1113 1951 1359 2002 conquievit.
1402 1950 1606 1987 Vascones

113 2030 211 2055 vero
234 2017 305 2068 qui
326 2025 438 2054 trans
463 2017 696 2055 Garonnam
719 2026 757 2055 et
779 2017 886 2054 eirca
908 2017 1124 2054 pireneum
1151 2025 1325 2053 montem
1357 2015 1602 2058 habitabant,

114 2091 287 2134 propter
315 2083 516 2120 sublatum
538 2084 679 2120 ducem
698 2096 814 2120 suum
837 2082 1197 2134 Siguinum,que1n
1215 2082 1433 2132 imperator
1448 2082 1607 2118 substu-

115 2149 230 2195 lerat,
251 2149 345 2186 inde
367 2151 418 2187 ob
441 2162 598 2186 morum
627 2147 713 2200 ejus
753 2148 1008 2199 pravitatem,
1045 2148 1163 2186 solita
1203 2147 1362 2185 levitate
1402 2146 1604 2190 commoti,

116 2212 396 2265 conjuratione
440 2215 555 2260 facta,
586 2213 862 2258 desciverunt,
899 2214 971 2250 sed
1002 2213 1156 2250 duabus
1189 2211 1514 2263 expeditionibus
1554 2210 1606 2247 ita

116 2288 211 2317 sunt
241 2280 406 2318 edomiti
436 2289 478 2317 ut
508 2281 622 2317 tarda
649 2279 707 2317 eis
730 2279 883 2316 deditio
906 2287 945 2316 et
965 2279 1112 2330 pacism
1134 2277 1362 2329 impetratio
1383 2277 1602 2314 videretur.

119 2345 254 2384 Leone
284 2359 388 2398 papa
408 2358 432 2382 v
453 2345 531 2383 kal.
551 2344 656 2397 junii
689 2346 879 2392 obeunte,
906 2344 1134 2396 Stephanus
1168 2344 1360 2381 diaconus
1395 2355 1498 2393 papa
1535 2354 1602 2378 or-

158 2495 182 2536 i)
203 2496 244 2526 de
276 2506 343 2536 quo
364 2494 504 2525 domino
525 2493 766 2524 obiciebantur
796 2494 828 2529 F,
853 2493 892 2525 G.
911 2512 949 2516 —-
969 2493 995 2534 j)
1022 2494 1215 2522 Sanctonas
1237 2492 1271 2522 Ε.
1289 2510 1324 2514 -
1343 2491 1375 2530 k)
1401 2489 1603 2530 imperatori

116 2537 210 2567 deest
229 2538 266 2573 F,
290 2538 331 2569 G.
353 2555 392 2562 -
407 2538 431 2578 l)
452 2537 604 2567 Sabaros
622 2538 656 2572 F,
679 2536 721 2568 G.
739 2554 776 2559 -
798 2537 844 2576 m)
859 2535 981 2576 paucis
1005 2535 1046 2567 E.

119 2791 129 2821 l
162 2751 190 2781 1.
215 2750 273 2823 IIlei
305 2750 336 2781 le
369 2761 434 2781 ms.
469 2752 495 2781 A
523 2761 542 2781 a
569 2761 635 2781 une
661 2750 762 2781 lettre
790 2751 860 2781 tres
889 2750 992 2781 ornee
1024 2754 1057 2779 et
1084 2753 1181 2789 porte
1214 2748 1246 2777 la
1281 2746 1431 2777 mention
1460 2745 1605 2785 Cupitu-

135 2802 193 2822 um
251 2817 256 2823 .
