1908 3256
254 304 328 340 108

251 406 299 442 X.
316 428 367 433 —
383 405 443 443 De
459 407 649 458 ymagine
679 406 843 443 Domini
871 405 968 443 Jesu

305 474 342 503 et
362 475 498 504 sancte
519 467 662 504 Matris
677 465 763 517 ejus
782 475 819 504 et
833 478 967 516 mago—

305 538 409 571 rum,
428 534 465 563 et
490 527 538 563 de
573 527 807 577 pestilentia
836 534 873 563 et
896 527 967 563 de-

306 585 531 628 sectulune,
553 595 589 623 et
604 586 806 638 legatione
824 586 967 623 multo-

305 652 392 676 rum
415 640 463 677 ad
483 640 785 691 imperatorem.

252 698 322 736 XI.
345 722 396 727 —
418 699 478 738 De
502 699 653 737 Eraldo
681 700 901 751 baptistato
930 709 967 738 et

304 761 352 797 ab
370 760 615 812 imperatore
640 768 832 811 suscepto
853 769 890 797 et
918 761 966 797 de

305 833 401 871 rege
422 820 732 858 Abodritorum.

252 878 343 916 XII.
366 903 417 907 —
436 880 497 917 De
519 880 684 917 ossibus
700 881 806 917 beati
821 880 966 917 Sebas-

304 939 416 985 tiani,
469 941 660 991 martyris
712 940 964 979 suessionis.

305 999 512 1037 translatis
536 1009 573 1038 ct
595 1000 681 1052 ejus
706 1000 911 1038 miraculis
930 1010 967 1038 et

305 1061 353 1097 de
371 1070 499 1098 morte
520 1060 694 1113 Eugenii
718 1075 838 1113 pape.

250 1120 363 1158 XIII.
392 1143 443 1148 —
478 1121 538 1158 De
577 1130 778 1159 conventu
810 1120 967 1172 Aquis-

305 1180 422 1233 grani
451 1190 489 1219 et
508 1181 710 1233 legatione
744 1182 967 1234 imperato-

305 1242 361 1278 ris
381 1242 429 1278 ad
453 1241 867 1293 Constantinopolim.

251 1301 358 1339 XIV.
379 1323 430 1328 —
448 1301 509 1339 De
532 1301 686 1339 Erolclo
707 1312 744 1341 et
765 1302 859 1339 filiis
883 1302 967 1340 Go-

303 1360 439 1399 tefridi
464 1370 501 1399 et
529 1362 741 1400 Bonifacio
765 1362 910 1400 comite
930 1369 967 1400 et

303 1422 448 1473 eclipsi
468 1422 577 1459 lune.

248 1481 333 1520 XV.
355 1504 407 1509 —
430 1482 490 1520 De
511 1491 620 1520 terre
637 1491 748 1521 motu
768 1491 806 1521 et
829 1483 878 1521 de
906 1483 966 1521 le-

302 1543 535 1595 gationibus
558 1543 747 1595 plurimis
770 1544 820 1581 ad
841 1543 966 1595 impe-

301 1611 643 1640 ratoremmisms.

248 1661 355 1699 XVI.
378 1684 430 1689 -
452 1661 513 1699 De
547 1663 796 1701 monasterio
830 1661 967 1700 Sancti

302 1727 517 1765 philiberti
546 1738 583 1767 et
617 1729 666 1766 de
699 1727 966 1765 translatione

301 1787 488 1838 corporis
533 1786 620 1839 ejus
667 1788 717 1825 ad
771 1787 966 1838 Burgun-

301 1846 422 1883 diam.

247 1904 441 1943 xvst—
463 1906 523 1943 De
541 1906 653 1944 obitu
675 1906 829 1958 Pipini,
854 1906 965 1957 regis

300 1965 534 2017 Aquitanie,
560 1975 596 2004 et
615 1967 664 2004 de
696 1966 808 2003 obitu
827 1965 964 2003 domni

300 2026 563 2078 imperatoris
580 2028 792 2065 Ludovici.

247 2085 397 2124 XVIII.
415 2110 467 2114 —
483 2088 543 2126 De
578 2090 708 2127 tribus
743 2088 837 2125 filiis
878 2084 964 2137 ejus

302 2158 340 2187 et
362 2150 410 2186 de
430 2150 542 2187 obitu
566 2149 856 2202 imperatricis.

247 2210 354 2248 XIX.
369 2233 420 2238 —
435 2210 494 2248 De
512 2210 746 2248 incursione
769 2210 965 2247 Norman-

301 2284 446 2308 norum
512 2272 553 2309 in
610 2270 871 2322 Aquitaniam
928 2276 966 2305 et

304 2331 515 2369 Franciam
539 2340 576 2368 et
597 2332 645 2368 de
675 2330 826 2368 Karolo
855 2328 966 2366 Brit-

304 2391 483 2429 tanniam
503 2391 723 2443 quinquies
749 2392 966 2430 devastan-

302 2460 340 2489 te
363 2461 401 2490 et
422 2453 471 2490 de
494 2452 628 2489 animo
652 2451 848 2489 Lotharii.

251 2511 337 2549 XX.
363 2535 413 2539 --
433 2512 493 2549 De
516 2512 629 2549 obitu
651 2511 791 2549 Karoli
811 2519 849 2549 et
866 2524 967 2562 qua-

307 2570 453 2608 drifida
475 2571 677 2608 divisione
697 2571 873 2623 imperii.

252 2630 360 2668 XXI.
384 2653 435 2658 ——
458 2631 519 2668 De
542 2630 748 2683 juratione
789 2630 968 2668 Franco-

302 2703 391 2728 rum
409 2691 450 2728 in
471 2690 681 2728 Karolum.

770 315 956 341 ADEMARI
990 314 1228 339 CHRONICON

1035 404 1153 452 Quod
1185 404 1384 446 Ceardus,
1413 404 1493 441 dux
1523 402 1747 442 Abodrito-

1087 478 1190 505 rum,
1226 464 1274 501 ad
1301 463 1599 515 Compendium
1618 465 1743 502 venit.

1032 708 1150 757 Quod
1182 707 1361 745 Eroldus
1385 721 1474 745 cum
1511 721 1637 747 uxore
1677 724 1749 748 sua

1082 768 1252 805 veniens
1275 767 1324 804 ad
1347 767 1634 819 imperatorem
1658 769 1747 807 Ma-

1083 828 1287 879 gontiaco.

1033 888 1093 926 De
1137 902 1183 926 eo
1233 888 1342 940 quod
1374 888 1579 935 L'duinus,
1622 889 1746 927 abbas

1087 948 1224 987 Sancti
1247 948 1440 995 Dionisii,
1478 948 1649 987 Romam
1671 949 1748 987 mi-

1085 1017 1151 1047 Slt.

1033 1129 1093 1166 De
1125 1137 1326 1167 conventu
1342 1129 1446 1167 facto
1475 1128 1744 1180 Aquisgrani‚

1086 1202 1225 1226 mense
1247 1189 1468 1226 februario.

1032 1308 1092 1346 De
1132 1321 1230 1360 pace
1269 1307 1375 1345 inter
1411 1306 1671 1345 Normannos
1712 1316 1750 1345 et

1086 1367 1266 1406 Francos
1297 1376 1335 1406 et
1355 1368 1404 1405 de
1434 1368 1559 1405 rebus
1586 1366 1745 1405 Eroldi.

1031 1488 1091 1526 De
1139 1497 1247 1526 terre
1308 1496 1417 1526 motu
1471 1488 1576 1525 facto
1629 1494 1747 1525 nocte

1083 1547 1354 1599 Aquisgrani‚
1368 1556 1459 1586 ante
1470 1546 1630 1585 Pascha
1645 1560 1746 1599 qua-

1082 1617 1176 1647 tuor
1194 1608 1354 1645 diebus.

1032 1668 1150 1717 Quod
1169 1667 1399 1705 Normanni
1422 1667 1549 1705 Herio
1574 1666 1746 1704 insulam

1083 1729 1319 1766 incendunt.

1031 1907 1091 1945 De
1121 1915 1249 1944 morte
1284 1905 1438 1944 domini
1478 1904 1675 1942 Ludovici
1711 1912 1748 1942 et

1081 1967 1152 2004 filii
1200 1965 1286 2018 ejus
1326 1965 1466 2017 partiti
1511 1973 1605 2002 sunt
1652 1977 1748 2016 reg-

1082 2039 1191 2063 num.

1029 2087 1090 2124 De
1112 2094 1240 2123 morte
1264 2084 1400 2122 Caroli
1430 2084 1545 2122 Calvi
1576 2092 1614 2122 et
1644 2083 1746 2121 fanis

1084 2144 1425 2197 ejus3Lodovicus
1436 2143 1589 2181 Balbus
1603 2156 1746 2195 regna-

1080 2206 1138 2243 vit
1158 2218 1234 2256 pro
1254 2218 1316 2242 eo.
