1908 3256
667 342 895 369 Arrnxmcss
1441 341 1515 376 2οἷ)

23 430 92 468 bat
125 436 220 466 tunc
258 428 510 479 presulatum
550 428 789 469 Lemovicae
828 432 1029 472 Alduinus
1066 437 1133 487 qui
1175 446 1260 475 erat
1288 452 1511 477 successor

24 493 251 545 Aldegerii,
274 494 530 531 successoris
554 494 647 532 Ebli
669 497 873 548 episcopi.

80 571 237 619 Quibus
269 571 539 623 temporibuS‚
577 571 840 619 Aldebertus,
870 589 1005 613 comes
1039 577 1408 629 petragoricensis,
1448 583 1515 632 qni

27 637 100 676 fuit
119 637 225 674 filius
250 636 428 675 Bosonis
447 637 587 683 vetuli,
609 651 657 675 ex
685 653 826 677 sorore
855 640 1054 679 Bernardi
1082 645 1320 694 supradicti.
1351 647 1513 683 nomine

26 703 182 747 Emma,
206 703 256 739 ad
276 704 417 740 urbem
440 702 618 740 Pictavis
640 704 790 742 bellum
811 706 946 744 intulit
970 716 1008 745 et
1037 708 1166 745 via-tor
1192 711 1321 747 extitit
1344 727 1350 752 ς
1374 713 1514 748 urbem

27 781 190 820 quoque
204 768 381 805 Turonis
395 768 610 806 obsidione
624 778 780 821 captam
797 771 836 807 in
853 772 1098 809 deditionem
1113 775 1267 825 accepit
1283 785 1319 813 et
1335 776 1520 818 Fulroni,

27 833 164 871 comiti
184 832 491 885 Andegavensi,
513 835 694 880 donavit,
717 836 788 873 sed
802 836 867 873 ille
882 837 1047 888 ingenio
1064 839 1210 877 doloso
1227 841 1374 877 civium
1391 843 1525 879 amisit

27 908 122 951 post
153 899 376 950 paululum,
396 908 434 937 et
458 898 604 938 iterum
628 900 717 938 Odo
735 902 1030 953 Campanensis
1053 918 1138 941 eam
1152 907 1420 957 recuperavit.
1441 909 1518 954 Qui

31 979 120 1003 cum
139 978 226 1002 eam
254 965 478 1012 obsideret,
520 979 774 1017 nequaquam
808 981 879 1005 rex
922 968 1012 1019 Ugo
1045 970 1109 1006 vel
1144 970 1382 1017 Rotlmrtns,
1421 973 1525 1009 tilius

34 1029 138 1082 ejus,
161 1031 248 1068 ausi
272 1039 366 1068 sunt
388 1045 477 1069 eum
505 1045 732 1082 provocare
767 1034 817 1070 ad
839 1033 1004 1080 bellum,
1030 1036 1100 1072 sed
1141 1035 1216 1073 hoe
1249 1037 1284 1073 ei
1309 1038 1525 1074 mandave-

33 1105 149 1134 runt:
168 1113 185 1133 «
203 1097 303 1145 Quis
323 1106 376 1144 te,
395 1097 541 1148 inquit,
558 1098 745 1135 comitem
761 1099 997 1137 constituit?
1016 1109 1082 1138 »et
1101 1100 1346 1139 Aldebertus
1364 1117 1526 1140 reman-

33 1162 144 1200 davit
180 1162 238 1201 eis
262 1179 269 1200 :
308 1179 325 1199 «
351 1163 452 1212 Quis
470 1176 544 1201 vos
575 1177 694 1215 reges
717 1165 1038 1203 constituerunt⁴
1066 1169 1080 1202 'a‘
1105 1182 1120 1200 υ
1138 1166 1299 1211 Postea,
1331 1169 1522 1205 defuncto

32 1227 257 1266 Aldeberto
276 1236 314 1266 et
345 1228 524 1274 Bosone,
551 1230 713 1266 fratrem
735 1228 837 1281 ejus,
870 1230 1142 1281 principatum
1174 1241 1340 1282 gerente
1373 1233 1522 1284 ipsius,

32 1293 269 1332 XVillelmus
292 1296 372 1332 dux
390 1308 530 1346 regem
553 1294 797 1332 Rotbertum
818 1297 1011 1333 conduxit
1027 1297 1075 1333 ad
1098 1297 1305 1334 castellum
1326 1297 1411 1349 ejus
1436 1299 1527 1336 Bel-

33 1359 162 1397 lacum
184 1360 225 1398 in
242 1361 403 1398 marcha
418 1361 597 1398 Pictavis
620 1370 659 1399 et
678 1361 932 1408 Lemovicae,
956 1363 1065 1413 quod
1084 1363 1150 1399 diu
1175 1363 1412 1400 obsidentes
1438 1379 1526 1401 cum

34 1426 206 1463 maximo
246 1427 443 1474 exercitu,
484 1427 666 1465 frustrati
700 1436 962 1465 recesserunt
995 1441 1150 1465 omnes.
1196 1428 1284 1475 Quo
1326 1437 1526 1480 ternpore,

31 1490 174 1538 wido,
203 1493 434 1530 vicecomes
457 1492 711 1539 Lemovicae,
739 1494 832 1530 dum
870 1494 1085 1530 obsessum
1105 1502 1213 1530 esset
1236 1502 1410 1530 castrum
1439 1493 1527 1545 ejus

33 1556 193 1606 Proeia,
217 1559 258 1596 in
280 1572 386 1611 pago
409 1559 629 1606 Bituricae,
648 1573 669 1596 a
684 1558 865 1610 quinque
883 1559 1112 1600 comitibus,
1132 1573 1220 1596 cum
1237 1560 1523 1597 innumerabili

29 1625 208 1662 exercitu
224 1625 331 1663 bello
355 1639 427 1662 eos
447 1625 618 1676 appetit,
644 1633 681 1662 et
707 1625 841 1662 victor
871 1625 1066 1665 existens,
1100 1625 1355 1662 obsidionem
1389 1626 1526 1662 disru-

28 1688 103 1739 pit.
131 1688 312 1727 Comites
333 1690 497 1728 fuerunt
516 1689 753 1727 &Villelmus
789 1690 884 1735 dux,
908 1688 1130 1735 Arnaldus,
1172 1689 1300 1737 Elias,
1324 1690 1528 1727 Aldeber-

29 1762 110 1800 tus,
135 1754 262 1793 Boso.

83 1832 158 1870 His
191 1834 446 1886 temporibus
485 1834 603 1886 signa
645 1835 685 1872 in
725 1834 864 1879 astris,
918 1833 1120 1870 siccitates
1167 1832 1326 1878 noxiae,
1379 1832 1527 1869 nimiae

28 1898 205 1949 pluviae,
227 1899 374 1937 nimiae
409 1908 548 1951 pestes
577 1908 615 1937 et
637 1899 905 1951 gravissimae
929 1900 1068 1943 sames,
1099 1898 1347 1935 defectiones
1381 1898 1528 1935 multae

29 1964 130 2002 solis
158 1973 197 2003 et
216 1964 335 2002 lunae
356 1974 648 2017 apparuerunt,
683 1975 721 2003 et
741 1966 953 2003 Vinzenna
986 1963 1131 2002 ssuvius
1168 1977 1242 2015 per
1272 1972 1356 2001 tres
1379 1972 1527 2001 noctes

30 2030 134 2068 aruit
155 2029 395 2068 Lemovicae
411 2044 486 2082 per
507 2032 587 2069 duo
610 2031 723 2069 milia
740 2032 768 2068 ².

86 2114 199 2152 Tunc
219 2113 337 2152 Judei
360 2114 633 2152 occidentales
667 2115 863 2166 epistolas
903 2114 1102 2151 miserunt
1135 2113 1175 2150 in
1199 2112 1365 2150 Oriente
1402 2125 1526 2149 aecu-

33 2188 168 2218 santes
202 2180 476 2226 Christianos,
515 2181 751 2218 mandantes
791 2181 993 2218 exereitus
1032 2178 1342 2217 occidentalium
1396 2190 1527 2228 super

33 2245 282 2284 Sarracenos
325 2246 543 2284 orientales
584 2255 807 2284 commotos
844 2259 950 2284 esse.
995 2245 1106 2282 Tune
1144 2243 1524 2281 Nabuchodonosor

0 2331 2 2336 ·
33 2311 286 2359 Babiloniae,
322 2313 363 2350 id
394 2321 455 2350 est
486 2311 739 2358 Admiratus,
772 2312 996 2349 concitatus
1029 2311 1069 2347 in
1106 2310 1164 2347 ira
1193 2324 1214 2346 a
1234 2308 1468 2346 Sarracenis
1488 2315 1530 2344 et

32 2376 173 2414 ‚Iudeis
197 2390 380 2428 magnam
396 2376 651 2413 afflictionem
674 2389 799 2427 super
821 2376 1078 2414 Christianos
1105 2374 1299 2412 exercuit,
1323 2381 1361 2409 et
1392 2372 1524 2409 eccle-

35 2441 117 2479 sias
134 2442 288 2480 Christi
311 2443 527 2488 subvertit,
550 2456 593 2479 ac
615 2442 794 2492 peccatis
816 2441 970 2479 nostris
991 2439 1337 2491 promerentibus,
1367 2437 1524 2488 glorio-

36 2521 124 2545 sum
146 2508 380 2560 sepulcrum
402 2507 567 2545 Domini
590 2521 679 2545 cum
699 2507 868 2544 basilica
904 2506 1033 2558 ipsius
1056 2504 1271 2555 confregit,
1297 2512 1335 2540 et
1357 2511 1522 2541 cunetas

81 2712 109 2743 1.
132 2710 176 2740 Ce
191 2720 343 2750 passage
364 2708 510 2741 celebre,
527 2707 585 2748 qui
600 2718 635 2738 se
650 2711 771 2739 trouve
792 2707 887 2738 aussi
903 2708 989 2737 dans
1009 2707 1039 2736 le
1061 2716 1124 2736 ms.
1147 2705 1329 2746 imm-poli»,
1352 2706 1438 2735 n'est
1460 2715 1524 2744 pas

40 2753 126 2782 dans
150 2753 182 2782 le
195 2755 285 2782 texte
305 2751 457 2791 complet
471 2750 666 2780 d'Ademar.

81 2794 111 2825 2.
133 2793 223 2824 C’est
249 2804 293 2823 au
320 2803 445 2834 parag.
471 2793 511 2821 46
533 2802 598 2831 que
621 2802 656 2821 se
676 2794 798 2821 trouve
819 2791 906 2821 (lans
939 2791 969 2820 le
988 2794 1075 2820 texte
1096 2788 1248 2829 complet
1266 2788 1297 2818 le
1324 2787 1408 2818 reeit
1428 2787 1468 2817 de
1495 2787 1529 2816 la

38 2834 152 2866 viosin
173 2836 290 2876 qu’eut
308 2835 460 2867 Ademar
481 2835 500 2862 ἐι
514 2832 602 2873 l'zige
624 2833 664 2862 de
679 2833 717 2862 22
733 2843 808 2863 anS.
