1908 3256
141 1802 173 1829 21

306 303 380 337 lus
822 319 1007 344 [mmmm
1040 320 1279 345 (211RON1CON

303 406 400 450 sum,
425 405 598 456 fecitque
635 421 724 444 eum
745 408 1027 446 vicecomitem
1053 414 1210 447 suum⁴.
1229 409 1422 462 Idemque
1447 411 1646 449 Ranulsus
1662 411 1803 449 habuit

302 479 386 509 tres
408 472 530 520 filios,
566 472 840 521 Lambertum,
871 474 1096 513 Arnaldum
1130 484 1249 527 atque
1278 476 1532 515 Odolricum.
1570 477 1797 529 Vulgrinus

303 551 400 575 vero
428 539 522 575 filiis
551 539 636 576 suis
671 540 851 591 reliquit,
884 540 1064 579 Alduino
1099 542 1262 593 quidem
1286 542 1553 594 Egolismam‚
1586 542 1799 581 &Villelmo

303 618 400 642 vero
436 604 740 657 Petragoricam
775 615 813 644 et
852 606 1075 658 Aginnum,
1116 621 1235 659 quam
1272 622 1486 646 assumens
1524 609 1803 647 vindicaverat

302 679 474 722 propter
497 685 680 709 sororem
702 671 903 710 willelmi
927 673 1148 711 Tholosani
1171 687 1290 725 quam
1312 675 1352 711 in
1368 675 1668 712 matrimonium
1688 689 1798 713 acce-

303 745 432 788 perat.
448 737 560 775 Tunc
577 737 738 778 Franci,
755 737 1015 790 conjurantes
1035 749 1176 778 contra
1190 739 1380 778 Carolum
1395 739 1613 792 juniorem,
1635 739 1801 793 ejiciunt

304 816 394 840 eum
416 804 464 841 de
481 817 609 855 regno
632 812 670 841 et
693 804 878 841 Odonem
901 806 1044 842 ducem
1060 805 1304 857 Aquitaniae
1321 807 1493 845 elevant.
1514 807 1603 855 Quo
1620 815 1804 858 tempore

305 869 519 915 Radulsus‚
556 884 627 907 rex
655 870 934 921 Burgundiae,
965 885 1055 909 cum
1086 872 1203 910 hoste
1238 873 1465 910 fortissimo
1499 872 1805 911 Lemovicinum

305 935 475 986 appulit,
501 943 538 973 et
561 937 799 987 congregati
824 945 917 974 sunt
940 946 1081 975 contra
1097 938 1521 976 euminnumerabiles
1537 938 1678 977 hostes
1702 938 1805 977 Nor-

305 1015 560 1047 mannorum,
587 1010 624 1039 et
641 1003 862 1040 commisso
878 1003 1037 1054 proelio
1059 1004 1100 1041 in
1117 1004 1206 1042 loco
1224 1004 1292 1056 qui
1315 1005 1465 1042 dicitur
1485 1004 1549 1042 Ad
1571 1004 1805 1042 Destricios

304 1081 434 1118 usque
453 1069 501 1105 ad
523 1068 846 1106 internecionem
864 1070 1061 1108 devastati
1078 1079 1172 1108 sunt
1186 1071 1349 1122 pagani,
1368 1079 1407 1108 et
1422 1071 1567 1108 exinde
1584 1071 1804 1122 fugienteS‚

305 1147 386 1171 non
406 1134 511 1172 ultra
529 1135 716 1172 fiduciam
737 1145 1106 1186 praesumpserunt
1133 1137 1326 1174 veniendi
1351 1137 1392 1174 in
1419 1136 1695 1188 Aquitaniam.
1721 1137 1805 1174 Ra-

306 1200 441 1237 dulfus
478 1209 609 1238 autem
647 1210 789 1252 gratus
813 1201 1008 1247 Domino,
1043 1216 1120 1253 pro
1160 1201 1275 1254 cujus
1316 1217 1452 1240 amore
1492 1203 1665 1241 animam
1693 1216 1805 1240 suam

306 1275 566 1317 posuerat,...
590 1280 685 1304 cens
703 1267 732 1311 ²,
752 1281 841 1305 cum
865 1282 1011 1320 magno
1027 1269 1234 1321 triumpho
1266 1283 1486 1321 regressus
1516 1278 1591 1307 est.
1623 1269 1675 1307 Et
1695 1269 1804 1307 Nor-

307 1333 441 1369 manni
464 1333 648 1384 regressi
671 1334 808 1370 sedem
828 1334 906 1371 sibi
923 1334 962 1371 in
980 1334 1210 1386 Rotomago
1233 1335 1487 1373 constituunt
1508 1348 1597 1372 cum
1618 1334 1807 1386 principe

308 1412 380 1435 suo
404 1398 538 1436 Ruino
569 1399 636 1449 qui
664 1400 790 1436 factus
821 1398 1082 1437 Christianus
1119 1400 1203 1438 O...
1231 1400 1314 1438 B...
1346 1401 1386 1438 in
1417 1400 1631 1438 amentiam
1661 1412 1808 1438 versus

308 1464 566 1502 Christianos
600 1464 740 1516 plures
763 1473 854 1502 ante
879 1479 921 1503 se
938 1466 1141 1504 decollare
1165 1466 1273 1513 fecit,
1298 1466 1394 1504 item
1423 1466 1624 1504 infinitum
1644 1465 1808 1517 pondus

306 1530 393 1568 auri
413 1544 488 1582 per
510 1531 704 1568 ecclesias
727 1531 977 1570 distribuere
1006 1531 1134 1584 jussit
1156 1531 1500 1571 Christianorum.
1538 1530 1665 1584 Cujus
1686 1531 1809 1568 filiam

307 1595 518 1634 Adelinam
542 1597 741 1635 Ranulfus
776 1611 912 1635 comes
942 1598 1216 1636 pictaviensis
1246 1612 1413 1636 uxorem
1449 1598 1601 1645 habuit,
1636 1597 1809 1635 nullum-

309 1676 386 1715 que
409 1676 457 1700 ex
479 1676 523 1700 ea
541 1663 666 1701 filium
690 1664 886 1715 suscepit,
910 1664 1051 1703 habuit
1072 1673 1203 1703 autem
1230 1678 1278 1702 ex
1299 1665 1376 1702 alia
1393 1663 1567 1717 conjuge
1585 1663 1711 1702 filium
1733 1677 1810 1701 no-

314 1729 420 1767 mine
444 1728 592 1767 Eblum
610 1730 638 1767 ³.

371 1795 480 1832 Idem
530 1795 729 1834 Ranulfus
780 1796 1112 1847 consanguineus
1154 1796 1227 1834 suit
1271 1796 1403 1848 ipsius
1444 1795 1645 1833 Willelmi
1689 1795 1810 1833 comi-

313 1862 364 1901 tis
380 1862 673 1908 Arvernensis,
696 1876 974 1913 summamque
993 1862 1209 1900 amicitiam
1232 1875 1321 1900 cum
1341 1862 1476 1899 Ruino
1496 1861 1686 1913 principe
1708 1860 1811 1899 Nor-

312 1943 550 1968 mannorum
592 1928 761 1966 habuit:
799 1929 867 1980 qui
902 1929 1101 1966 Ranulfus
1136 1937 1343 1980 pugnator
1377 1928 1626 1966 fortissimus
1655 1942 1676 1965 a
1710 1941 1808 1980 rege

311 1997 454 2035 Odone
487 1995 604 2033 valde
636 1994 928 2040 honorabatur,
953 2004 992 2033 et
1019 1996 1113 2033 dum
1141 1995 1321 2045 regalem
1351 1995 1481 2033 aulam
1505 1994 1801 2039 assiduaretur,

308 2077 465 2101 veneno
482 2070 647 2100 necatus
669 2063 710 2100 in
728 2061 920 2099 extremis
942 2069 1082 2099 sancto
1105 2060 1282 2098 Geraldo
1298 2061 1354 2098 ibi
1376 2069 1471 2099 tunc
1482 2060 1691 2112 praesenti
1706 2073 1804 2112 par-

307 2130 443 2167 vulum
465 2129 591 2166 filium
615 2142 731 2166 suum
754 2128 901 2165 Eblum
930 2127 1133 2165 commisit
1152 2128 1364 2165 tutandum
1385 2142 1391 2163 ε
1410 2126 1631 2164 Alemanus
1654 2135 1802 2173 autem,

308 2196 413 2233 filius
437 2195 676 2241 Emenonis,
703 2194 847 2232 Sancia
868 2193 909 2230 in
930 2191 1122 2244 conjugio
1150 2193 1352 2244 copulata,
1370 2191 1550 2230 Alduino
1579 2200 1618 2229 et
1636 2191 1804 2229 Willel-

310 2276 373 2300 mo
396 2261 736 2299 familiarissimus
771 2260 952 2297 existens
990 2259 1145 2296 honore
1179 2272 1335 2303 eorum,
1372 2272 1415 2296 ac
1448 2258 1482 2295 si
1516 2259 1654 2303 frater,
1681 2257 1807 2309 potiri

309 2329 537 2366 videbatur.
564 2327 641 2375 Qui
664 2340 684 2363 a
700 2339 795 2377 rege
822 2325 965 2363 Odone
986 2333 1155 2362 vocatus
1178 2325 1226 2362 ad
1249 2324 1457 2376 palatium,
1492 2332 1714 2375 provectus
1746 2331 1809 2361 est

354 2463 378 2492 Ῑ.
408 2461 442 2490 L.
468 2460 526 2490 HI.
549 2459 758 2498 Miscratque
789 2457 822 2486 in
852 2456 1046 2486 Mamiliam)
1069 2456 1273 2486 Rotbertum
1293 2455 1381 2496 legis
1406 2455 1558 2494 doctum,
1577 2459 1610 2485 et
1645 2465 1724 2484 cum
1762 2465 1800 2484 eo

311 2502 546 2532 lhunnulsum,
570 2512 671 2541 quem
701 2500 780 2529 fecit
802 2498 1052 2529 xicccomitem.

351 2547 380 2575 ζ’.
408 2545 441 2573 L,
471 2544 529 2573 iil.
557 2543 730 2572 Referens.

351 2590 379 2615 25.
410 2586 443 2615 L.
468 2586 527 2615 lli.
552 2585 589 2613 Et
612 2582 800 2613 Nornianni
822 2582 984 2619 regressi,
1009 2587 1138 2612 terram
1156 2592 1303 2612 vacuam
1328 2581 1577 2622 repperientes,
1602 2580 1718 2609 sedem
1739 2578 1809 2608 sibi

310 2628 343 2657 in
371 2628 560 2663 Hotonmgo
591 2625 804 2655 constituunt
832 2635 908 2653 cuin
951 2624 1107 2664 prim-ipe
1135 2635 1196 2653 suo
1227 2624 1327 2653 Ruso.
1348 2623 1413 2658 Qui
1445 2624 1557 2652 factus
1581 2621 1811 2655 christianus,

310 2670 468 2709 captivos
492 2669 608 2708 plures
635 2671 712 2697 ante
739 2678 772 2695 se
795 2666 966 2695 decollare
990 2666 1067 2695 sevit
1093 2666 1126 2694 in
1153 2666 1280 2694 honore
1305 2676 1391 2705 quos
1416 2665 1571 2694 coluerat
1592 2664 1747 2693 deorum.
1772 2662 1812 2692 Et

310 2711 391 2740 item
413 2711 585 2739 infinitum
610 2709 744 2749 pondus
770 2707 845 2737 auri
872 2718 932 2747 per
947 2707 1111 2736 ecclosias
1134 2707 1311 2736 distribuit
1334 2706 1607 2736 christianorum
1631 2705 1666 2734 iu
1681 2705 1811 2734 honore

311 2753 379 2783 wri
407 2752 476 2783 liei,
504 2751 535 2780 in
558 2752 656 2790 cujus
695 2750 832 2779 nomine
856 2749 1071 2789 baptismum
1091 2753 1348 2788 susrrperah—
1371 2749 1420 2778 21.
1445 2747 1652 2778 Ramnulsus
1676 2756 1812 2786 quoque

309 2805 422 2823 comes
455 2793 666 2822 I'irtsivtznsis
689 2791 812 2821 habuit
836 2791 946 2820 filium
967 2791 1091 2820 Eblum
1118 2790 1267 2821 nomine.
1293 2789 1358 2825 Qui
1378 2790 1571 2819 Rannulsus
1596 2787 1810 2828 consangui-

310 2847 392 2865 neus
418 2839 491 2864 erat
515 2834 675 2863 Willelmi
704 2833 912 2863 nobilissimi
938 2832 1075 2861 comitis
1097 2832 1303 2862 Arvernis...
