1908 3256
168 788 202 813 ca

329 278 405 313 200
852 287 1038 311 animani
1071 286 1310 311 cfflioxicox

327 378 391 415 nis
411 377 579 415 Graecis
603 377 795 415 restituit.
830 376 959 425 Quem
992 377 1244 428 imperatrix,
1282 385 1409 415 mater
1438 377 1597 424 Basilii,
1638 386 1825 415 metuens

326 457 376 481 ne
399 457 524 494 super
554 442 661 480 filios
685 456 781 480 suos
800 443 1060 494 tyrannidem
1081 451 1236 493 ageret,
1255 443 1349 480 dolo
1373 445 1608 481 evocatum¹
1642 443 1683 480 in
1705 443 1820 481 basi-

326 509 402 546 lica
441 508 595 560 palatii,
633 509 728 546 dum
762 509 936 559 genibus
977 516 1167 545 curvatus
1201 508 1243 545 in
1274 508 1442 546 sabatho
1463 517 1602 547 sancto
1641 508 1823 547 Paschae

324 588 470 626 preces
492 574 669 611 Domino
692 575 893 619 funderet,
917 573 1054 625 gladio
1088 587 1234 611 necare
1253 572 1405 626 jussit3
1439 575 1548 626 quod
1579 575 1726 612 factum
1754 574 1824 612 diu

325 641 454 686 latuit,
485 641 614 678 donec
648 640 829 691 suspecti
858 648 1042 690 satrapae
1093 639 1344 678 Graecorum
1388 648 1694 678 monumentum
1741 639 1829 692 ejus

327 715 542 757 egerentes
562 707 798 744 confossum
821 719 970 757 corpus
993 705 1142 757 gladiis
1165 714 1426 757 repererunt.

380 779 493 817 Tunc
528 778 932 823 Adamarus‚con1es
970 777 1257 823 pictaviensis,
1297 778 1512 816 defunctus
1539 786 1615 825 est,
1647 786 1685 816 et
1730 777 1826 815 Pic-

326 845 428 882 tavis
454 843 567 895 juxta
589 844 796 881 basilicam
828 843 956 880 sancti
994 842 1139 880 Hilarii
1173 852 1317 894 quarto
1351 857 1480 881 nonas
1511 843 1653 895 aprilis
1685 843 1825 895 sepul-

327 920 405 948 tus.
432 910 674 947 Guillelmus
691 923 854 960 quoque
872 910 953 946 dux
966 908 1167 947 Arvernis
1190 918 1373 948 mortuus
1390 919 1466 957 est,
1485 919 1523 948 et
1540 909 1647 947 filius
1665 909 1825 947 Ranulfi

327 977 456 1014 Eblus
475 976 675 1013 Arvernis
699 984 737 1013 et
754 975 932 1013 Pictavis
960 975 1081 1012 simul
1109 989 1244 1013 comes
1260 984 1475 1026 promotus
1493 976 1648 1014 est2....
1675 976 1724 1013 de
1745 976 1827 1013 filia

328 1042 519 1090 Quini....
557 1041 658 1079 Post
697 1050 867 1079 mortem
907 1041 1110 1092 siquidem
1140 1041 1329 1093 Vulgrini
1356 1041 1463 1079 filius
1493 1040 1580 1093 ejus
1619 1040 1824 1079 Alduinus

326 1108 492 1160 triginta
528 1108 645 1145 annis
678 1108 792 1145 vixit.
820 1107 895 1144 Hic
920 1121 1058 1144 muros
1100 1107 1275 1145 civitatis
1318 1107 1552 1159 Egolismae
1590 1116 1821 1145 restaurare

326 1174 474 1225 coepit.
499 1174 587 1221 Quo
619 1182 802 1224 tempore
845 1173 1061 1210 Gunbaldo
1102 1173 1381 1224 pontificatum
1416 1182 1562 1225 agente
1590 1182 1824 1224 repetentes

326 1240 568 1277 Nortmanni
589 1241 754 1276 crebras
778 1239 1029 1290 irruptiones
1051 1253 1126 1290 per
1155 1239 1416 1277 Pictavorum
1438 1240 1634 1277 terminos
1657 1253 1824 1277 exerce-

325 1307 433 1342 bant.
463 1306 577 1343 Unde
600 1306 818 1342 factumest
833 1313 875 1342 ut
891 1305 1078 1342 monachi
1103 1305 1231 1342 sancti
1250 1305 1407 1343 Carrofi
1422 1305 1656 1356 preciosum
1669 1305 1824 1357 lignum

324 1372 457 1409 crucis
481 1373 529 1409 ad
552 1372 866 1409 custodiendum
900 1371 1153 1423 Egolismam
1187 1373 1409 1417 deferrent,
1442 1385 1532 1409 cum
1555 1372 1733 1409 diversis
1755 1384 1825 1409 or-

324 1438 524 1475 namentis
559 1438 771 1476 eeclesiae.
791 1437 842 1475 Et
860 1446 1047 1476 cessante
1069 1438 1330 1476 infestatione
1347 1438 1657 1484 Nortmannica,
1679 1437 1821 1475 Aldui-

324 1518 399 1541 nus
421 1504 462 1541 in
485 1504 646 1542 civitate
669 1517 741 1541 sua
765 1504 944 1542 retinere
980 1504 1192 1555 temptavit
1217 1504 1406 1542 omnibus
1435 1504 1580 1542 diebus
1610 1503 1824 1555 supradic-

323 1579 406 1608 tum
426 1578 608 1608 sanctum
630 1571 801 1622 lignum,
837 1570 983 1608 nolens
1014 1571 1189 1608 reddere
1214 1571 1540 1608 commendatum
1557 1571 1585 1607 ³.
1604 1570 1722 1609 Unde
1750 1583 1826 1621 per

323 1650 450 1673 annos
484 1646 639 1688 septem
668 1637 837 1688 langore
871 1636 1060 1687 corporis
1089 1636 1282 1674 multatus
1313 1646 1375 1675 est
1404 1637 1509 1688 ipse,
1544 1645 1583 1674 et
1603 1636 1644 1674 in
1665 1636 1819 1687 populo

325 1717 398 1741 suo
419 1703 474 1741 ita
496 1704 619 1741 fames
643 1703 1003 1741 vehementissima
1033 1711 1219 1755 grassata
1242 1711 1317 1747 est,
1343 1711 1386 1741 ut
1408 1703 1518 1754 quod
1539 1702 1735 1740 hactenus
1757 1702 1822 1740 in-

324 1778 577 1820 compertum
600 1769 686 1815 suit,
712 1770 760 1807 de
782 1769 906 1821 vulgo
929 1783 1034 1806 unus
1062 1769 1233 1807 alterum
1254 1770 1304 1806 ad
1328 1770 1608 1807 devorandum
1637 1768 1821 1819 require-

324 1844 444 1879 ret‚et
457 1835 571 1873 multi
587 1835 688 1872 alios
706 1836 813 1872 ferro
829 1835 1095 1886 perimentes,
1109 1835 1316 1880 carnibus,
1330 1848 1441 1872 more
1457 1835 1663 1886 luporum,
1680 1834 1823 1872 huma-

323 1901 442 1938 nibus
463 1910 744 1939 vescerentur.
769 1901 925 1948 Quibus
940 1910 1052 1938 actus
1075 1901 1408 1947 necessitatibus,
1438 1914 1519 1938 uno
1539 1909 1630 1938 ante
1647 1908 1821 1938 mortem

323 1981 434 2004 suam
457 1981 576 2011 anno,
596 1967 754 2005 remisit
769 1966 983 2004 Carrofum
994 1967 1229 2018 preciosum
1245 1967 1486 2018 lignumper
1505 1980 1649 2004 manus
1665 1966 1736 2003 filii
1756 1966 1823 2003 sui

321 2033 520 2070 willelmi
560 2033 802 2084 cognomine
827 2033 1008 2070 Sec-toris
1037 2033 1133 2071 ferri
1165 2047 1254 2071 cum
1286 2047 1406 2085 capsa
1439 2046 1561 2071 aurea
1585 2046 1705 2084 quam
1727 2033 1818 2084 ipse

322 2113 410 2136 cum
433 2099 603 2150 gemmis
625 2099 808 2136 construi
831 2099 1118 2150 imperaverat.
1137 2099 1217 2137 Ubi
1240 2099 1411 2137 contulit
1429 2099 1648 2137 Lubeliaco
1664 2098 1816 2145 villam,

321 2173 359 2202 et
380 2178 472 2201 mox
488 2164 663 2202 cessavit
683 2165 816 2216 plaga.
838 2164 887 2202 Et
909 2165 996 2216 ipse
1015 2173 1110 2216 post
1129 2178 1278 2202 annum
1302 2166 1516 2202 defunctus
1540 2173 1654 2202 sexto
1678 2163 1816 2201 calen-

321 2231 392 2268 das
425 2230 565 2281 aprilis
581 2228 697 2281 juxta
722 2239 879 2281 patrem
910 2230 1127 2268 tumulatus
1161 2239 1236 2268 est.
1272 2230 1372 2268 Post
1413 2229 1527 2283 cujus
1556 2238 1727 2268 mortem
1750 2243 1817 2267 se-

322 2297 453 2333 cundo
473 2310 578 2333 anno
600 2296 725 2333 occisi
748 2304 841 2334 sunt
862 2310 883 2333 a
910 2296 1123 2334 Bernardo
1146 2297 1186 2333 in
1221 2296 1417 2334 ultionem
1453 2296 1621 2334 Sanciae
1655 2295 1814 2333 sororis

321 2376 432 2407 suae,
457 2376 575 2413 quam
592 2363 779 2400 occidere
802 2363 933 2400 conati
965 2371 1059 2400 sunt
1084 2362 1341 2409 Lambertus‚
1364 2363 1592 2401 vicecomes
1621 2361 1816 2400 Martilia-

320 2428 471 2475 concis,
488 2438 524 2466 et
540 2428 760 2475 Arnaldus,
782 2430 904 2466 frater
922 2427 1023 2480 ejus.
1039 2428 1274 2466 XYillelmus
1298 2437 1431 2466 antem
1455 2428 1598 2466 Sector
1619 2428 1717 2465 ferri
1738 2427 1813 2465 ho-

365 2594 388 2622 1.
416 2592 451 2622 L.
469 2593 527 2621 Ill.
546 2592 630 2621 Dolo
651 2596 831 2622 evocatum
850 2592 933 2622 (lum
958 2592 1128 2632 Tripolim
1149 2592 1336 2630 obsideret,
1360 2592 1442 2622 dum
1458 2592 1493 2622 in
1516 2590 1664 2622 basilica
1685 2591 1821 2632 palacii,

318 2633 640 2674 Constantinopolis
665 2634 852 2672 ‹gi-uibus...

360 2676 387 2704 2.
414 2675 446 2704 L.
474 2676 533 2705 lll.
560 2677 814 2715 Acccphunque
838 2675 871 2704 in
896 2675 1097 2715 conjugium
1127 2676 1284 2708 Adelam.
1311 2676 1420 2706 filiam
1432 2675 1513 2706 Rosi
1533 2675 1811 2716 Rotomagensis,

317 2716 433 2756 genuit
456 2728 493 2745 ex
517 2728 553 2746 ea
574 2717 781 2746 Willelxnulu
801 2718 915 2757 Caput
936 2722 1071 2758 stupae.
1092 2718 1173 2747 Post
1194 2723 1378 2749 mortem...

357 2760 388 2789 3.
409 2759 442 2787 L.
467 2759 524 2788 Ill.
551 2759 674 2788 Hau-«10
689 2770 795 2787 causa
813 2759 918 2798 jussit
937 2761 1107 2788 adornare
1128 2760 1310 2789 ecclesium
1336 2758 1529 2789 salvatoris
1543 2759 1627 2789 foris
1645 2769 1763 2789 muros
1778 2758 1812 2789 in

316 2800 428 2839 capite
446 2800 610 2829 basilicae
633 2800 741 2829 sancti
767 2801 941 2841 lipurchii.
958 2800 1017 2830 ubi
1033 2805 1191 2830 sanctum
1206 2801 1339 2841 lignum
1362 2802 1556 2841 deputaret.
1576 2802 1640 2831 Per
1663 2811 1811 2832 annOS...

1884 202 1908 297 «l

1899 300 1908 448 ἰ

1890 449 1908 654 l

1892 709 1908 832 ες
