1908 3256
325 294 374 331 20
841 307 1028 333 ADEMARI
1062 301 1302 330 CHRONICON

325 412 342 430 α
378 395 434 432 lte
455 403 491 432 et
511 395 680 433 forsitan
703 395 858 447 aliquid
879 395 1050 433 victorie
1077 402 1114 432 et
1134 394 1262 432 sancti
1283 393 1485 432 sermonis
1519 394 1731 445 accipietis
1765 395 1813 432 ab

326 477 341 495 «
377 461 594 512 seripturis
617 461 783 498 sanctis.
809 477 825 496 »
854 461 981 508 Tunc,
1007 461 1111 498 datis
1132 459 1385 507 muneribus,
1407 459 1569 497 nunciis
1586 459 1687 498 dixit
1709 475 1716 496 :
1738 475 1756 496 «
1777 459 1820 499 Si

326 542 341 561 a<
376 527 627 574 tu,D01nne,
663 526 823 579 adjutor
857 527 953 564 mihi
988 541 1030 565 es
1060 535 1097 564 et
1123 534 1285 578 gentem
1317 525 1417 564 hanc
1446 525 1700 564 incredulam
1723 525 1822 564 tibi⁰

326 610 340 626 κ
362 593 461 630 meis
482 594 667 631 manibus
685 594 908 631 traditurus
928 606 986 639 es,
1011 593 1050 629 in
1071 592 1263 643 ingressu
1295 592 1423 630 sancti
1451 591 1622 630 Martini
1646 592 1818 644 dignare

328 674 343 691 α
378 657 474 695 mihi
495 658 691 706 revelare,
712 667 754 697 ut
777 659 899 697 sciam
934 659 967 696 si
986 658 1192 710 propitius
1222 657 1318 695 mihi
1341 657 1398 695 sis
1418 658 1565 696 famulo
1587 666 1671 696 tuo.
1699 674 1716 693 »
1740 657 1823 695 Ve-

325 723 483 761 nientes
501 733 631 762 autem
654 726 771 776 pueri
803 724 972 763 adbeati
990 724 1155 762 Martini
1175 724 1429 772 aecclesiam,
1453 738 1543 762 cum
1557 723 1639 777 jam
1661 724 1711 763 ad
1733 724 1823 776 ipsa

324 789 461 827 limina
478 791 782 841 pervenissent,
802 791 1065 842 primicerius
1083 790 1281 828 aecclesie
1298 791 1399 828 hanc
1413 790 1677 842 antiphonam
1693 790 1820 842 impo-

325 855 404 892 suit
419 855 559 893 dicens
586 872 592 893 :
615 873 632 891 «
650 859 892 894 Precinoeisti
905 871 964 894 me
980 859 1117 894 virtute
1135 858 1191 893 ad
1205 856 1346 893 bellum
1368 866 1405 894 et
1416 856 1684 907 subplantasti
1697 858 1822 893 insur-

327 938 342 955 κ
374 932 507 972 gentes
523 925 561 959 in
576 937 635 959 me
649 922 784 960 subtus
797 937 870 969 me,
890 934 925 960 et
939 925 1185 960 inimicorum
1197 936 1370 960 meorum
1386 923 1540 960 dedisti
1553 923 1650 960 mihi
1663 923 1823 959 dorsum

327 1003 341 1020 f<
377 997 413 1024 et
432 989 605 1025 odientes
620 1003 680 1025 me
696 990 986 1039 disper-didisti.
1011 1005 1027 1023 »
1069 989 1162 1037 Qui,
1186 989 1451 1040 psallentium
1469 1002 1594 1027 voces
1616 996 1659 1026 ut
1676 987 1819 1026 audie-

325 1061 432 1098 runt,
447 1053 647 1092 Domino?
663 1055 815 1106 gratias
834 1063 1018 1107 agentes,
1044 1055 1216 1092 dimisso
1235 1055 1292 1093 ibi
1318 1068 1424 1106 equo
1440 1055 1552 1107 regis
1574 1063 1612 1092 et
1626 1055 1717 1093 aliis
1733 1067 1823 1092 mu-

324 1119 492 1156 neribus
512 1120 648 1157 multis
671 1135 760 1158 cum
785 1121 920 1158 leticia
938 1129 976 1158 et
1008 1121 1254 1160 exultatione
1278 1121 1569 1159 nuntiaverunt
1590 1121 1694 1173 regi.
1721 1119 1824 1158 Cum

323 1185 506 1222 venisset
525 1194 655 1224 autem
678 1200 749 1224 rex
765 1188 813 1225 ad
829 1187 996 1225 fluvium
1014 1187 1266 1225 Vinzennam
1283 1193 1299 1216 ‘¹
1321 1201 1410 1225 cum
1446 1187 1626 1225 exercitu
1659 1200 1748 1232 suo,
1784 1187 1825 1224 in

325 1264 405 1301 quo
428 1251 518 1289 loco
540 1253 687 1290 vadare
711 1254 879 1291 deberet
894 1267 976 1291 non
995 1253 1229 1291 inveniebat
1249 1269 1257 1300 3
1282 1254 1551 1291 inundaverat
1567 1253 1672 1291 enim
1690 1267 1711 1291 a
1726 1252 1825 1291 rnul-

322 1316 493 1354 titudine
508 1318 755 1369 pluviarum.
781 1319 1123 1371 Deprecatusque
1138 1325 1150 1340 ¹⁴
1165 1319 1385 1357 Dominum
1402 1327 1445 1357 ut
1463 1319 1499 1357 ei
1514 1320 1663 1357 vadum
1678 1327 1822 1357 osten-

322 1383 435 1420 deret
457 1393 575 1422 nocte
594 1385 685 1431 illa;
706 1398 821 1423 mane
837 1393 969 1424 autem
993 1387 1112 1433 facto,
1140 1399 1260 1424 cerva
1290 1386 1391 1423 mire
1420 1385 1714 1438 magnitudinis
1732 1393 1823 1422 ante

321 1462 406 1494 eos,
429 1449 594 1487 Domini
616 1459 732 1497 nutu,
762 1453 1009 1503 precedens,
1035 1453 1182 1490 vadum
1219 1452 1415 1499 ostendit,
1448 1452 1598 1504 illaque
1632 1452 1820 1496 vadante,

321 1515 499 1566 populus
516 1530 679 1568 quoque
699 1531 877 1569 sequens
909 1519 1087 1557 vadavit.
1126 1518 1325 1556 Veniente
1355 1526 1487 1556 autem
1506 1531 1603 1570 rege
1625 1517 1821 1563 pictavis,

321 1581 414 1618 dum
450 1583 597 1633 procul
615 1585 663 1620 ab
688 1584 889 1622 aecclesia
912 1585 1039 1622 sancti
1063 1584 1223 1635 Hylarii
1246 1584 1423 1622 tentoria
1442 1583 1615 1630 fixisset,
1641 1597 1687 1622 ea
1704 1590 1823 1622 nocte

321 1648 428 1684 farus
451 1648 570 1699 ignea
586 1663 634 1686 ex
655 1663 700 1686 ea
716 1650 804 1687 visa
819 1659 880 1688 est
897 1651 1046 1688 exisse.
1071 1650 1275 1702 Apparuit
1293 1663 1439 1701 nempe
1464 1652 1593 1702 super
1619 1650 1709 1701 ipsa
1729 1657 1822 1687 ten-

320 1713 425 1750 toria
440 1714 479 1750 in
496 1715 688 1752 auxilium
704 1715 901 1754 Clodovei
918 1717 1029 1768 regis
1046 1730 1135 1754 cum
1151 1717 1300 1754 virtute
1316 1716 1424 1754 beati
1443 1715 1606 1754 Hilarii.
1628 1715 1822 1767 Precepit

322 1786 452 1816 autem
472 1793 543 1817 rex
565 1780 672 1818 hosti
690 1795 763 1819 suo
784 1790 825 1819 ut
841 1795 914 1819 nec
935 1784 1098 1833 cybum,
1117 1795 1192 1820 nec
1211 1782 1337 1819 ullum
1371 1781 1626 1833 stipendium
1654 1781 1702 1819 de
1730 1781 1822 1833 ipso

321 1857 427 1895 pago
442 1846 647 1893 tollerent,
666 1860 739 1884 nec
761 1848 843 1885 ulla
865 1848 1009 1899 spolia.
1032 1848 1268 1886 Clodoveus
1285 1856 1416 1886 autem
1430 1861 1502 1885 rex
1529 1861 1619 1886 cum
1639 1846 1820 1894 Alarico,

323 1922 420 1961 rege
435 1909 676 1959 Gothorum,
692 1913 733 1949 in
748 1927 889 1964 campo
902 1914 1154 1965 Vogladinse
1168 1928 1292 1966 super
1307 1914 1476 1952 fluvium
1491 1913 1641 1952 Clinno
1655 1911 1680 1935 ⁵¹
1696 1913 1823 1950 milia·
1850 1923 1853 1925 ’

324 1975 386 2013 rio
406 1976 562 2015 decimo
588 1979 636 2015 ab
664 1979 764 2016 urbe
794 1979 1182 2031 Pictavis‚prelium
1211 1980 1429 2018 commisit.
1459 1979 1628 2031 Illisque
1652 1979 1760 2017 inter
1781 1992 1824 2017 se

325 2045 710 2095 compugnantibus,
727 2044 866 2092 Gothi,
880 2060 969 2083 cum
981 2060 1078 2098 rege
1093 2060 1166 2084 suo
1177 2047 1299 2084 nimis
1313 2046 1461 2090 collisi,
1473 2052 1822 2098 tergaverterunt.

327 2106 575 2155 clodoveus,
595 2110 699 2148 sicut
715 2111 887 2159 solebat,
905 2112 1038 2150 victor
1060 2113 1206 2151 extitit.
1227 2112 1412 2164 Cumque
1434 2111 1642 2150 Alaricum
1664 2110 1822 2150 interfi-

324 2183 448 2220 ceret,
469 2176 548 2214 duo
567 2175 689 2214 Gothi
708 2191 797 2214 cum
818 2178 950 2215 contis
969 2192 1059 2216 eum
1078 2192 1126 2217 ex
1142 2180 1316 2217 adverso
1350 2179 1391 2216 in
1419 2178 1547 2216 latera
1565 2178 1730 2224 feriunt,
1752 2177 1825 2214 sed

324 2249 496 2292 propter
511 2242 678 2280 loricam
690 2256 767 2294 qua
782 2244 948 2282 indutus
965 2253 1063 2292 erat,
1082 2259 1171 2283 eum
1187 2259 1270 2283 non
1292 2245 1606 2283 livoraverunt&
1624 2243 1824 2282 Dominus

326 2314 456 2344 autem
478 2306 691 2359 adjuvabat
713 2322 802 2347 eum
821 2310 862 2347 in
883 2311 1040 2349 cunctis
1061 2325 1138 2362 que
1175 2312 1332 2363 agebat.
1358 2311 1559 2348 Maximus
1578 2318 1709 2348 autem
1727 2318 1822 2348 tunc

325 2372 381 2409 ibi
395 2372 676 2411 Arvernorum
691 2375 869 2426 populus
880 2377 1142 2428 quicumque,
1157 2376 1435 2429 Apollonareu
1448 2377 1564 2422 duee,
1577 2376 1822 2422 ibivenerat‚

327 2439 533 2477 corruitin
547 2440 683 2492 gladio
705 2440 959 2480 Francorum
976 2456 1065 2481 cum
1081 2443 1218 2481 multis
1238 2443 1511 2482 senatoribus.
1528 2442 1589 2480 De
1605 2442 1678 2480 hac
1688 2455 1828 2494 pugna

326 2503 556 2543 Amalricus
570 2506 697 2544 evasit
714 2508 954 2560 perfugam,
976 2509 1083 2546 filius
1096 2508 1264 2557 Alarici,
1286 2510 1375 2548 etin
1395 2508 1641 2561 Hispaniisv,
1655 2521 1827 2561 regnum

369 2638 401 2679 o)
421 2636 485 2667 tibi
507 2637 600 2667 deest
619 2638 655 2671 F.
672 2637 711 2669 G.
734 2656 775 2662 —-
788 2639 825 2679 p)
840 2639 908 2670 Deo
924 2639 959 2675 F,
983 2639 1021 2671 G.
1044 2659 1086 2664 —
1118 2641 1152 2682 q)
1174 2641 1362 2672 Yizennam
1377 2641 1412 2671 F.
1436 2659 1477 2663 -
1496 2641 1527 2681 r)
1543 2641 1826 2682 Deprecatusque

326 2683 380 2709 est
400 2679 437 2715 E,
461 2679 497 2715 F,
521 2678 560 2710 G.
577 2698 618 2702 —
639 2681 667 2719 s)
690 2679 813 2710 Cluino
835 2681 870 2716 F,
895 2681 934 2712 G.
957 2700 998 2704 —
1018 2682 1044 2722 t)
1066 2682 1348 2717 vulneraverunt.
1381 2683 1416 2719 F,
1441 2682 1480 2713 G.
1508 2701 1549 2705 --
1569 2687 1604 2724 u)
1627 2683 1828 2724 Apollinare

327 2720 364 2756 F,
393 2720 432 2751 G.
462 2738 504 2744 —
526 2721 559 2762 v)
579 2725 612 2751 et
625 2721 661 2751 in
683 2721 862 2762 Hispaniis
879 2722 972 2752 deest
987 2723 1025 2760 D,
1050 2724 1085 2760 F,
1109 2724 1148 2755 G.

371 2818 398 2846 1.
424 2817 467 2848 Le
488 2817 599 2848 Clain.
