1908 3256
723 327 838 352 Llnlin
873 328 1024 352 rnnttsss
1533 320 1575 354 ΓΜ

92 420 234 457 eodem
267 431 371 456 anno
404 417 556 455 nullum
598 419 778 455 fecerunt
812 417 1045 460 exercitum,
1077 419 1146 454 sed
1180 428 1500 468 preparaverunt
1541 433 1581 455 sc

92 493 277 535 uterque,
304 483 599 522 Carlomannus
619 483 760 520 aditer
783 496 913 522 suum.
938 492 975 520 et
1003 483 1174 533 Pipinus
1198 485 1400 533 quomodo
1429 497 1581 534 germa-

93 563 187 587 num
204 563 320 586 suum
339 549 560 586 honorilice
583 548 801 585 direxisset
823 562 911 585 cum
934 549 1186 585 muneribus.
1213 548 1323 585 'l'unc
1347 549 1584 585 Cat-loman-

93 628 170 653 nus
186 615 354 652 Romam
376 628 555 665 pergens
578 614 633 650 ibi
657 627 699 650 se
722 614 911 653 totondit,
937 622 975 650 et
996 614 1034 650 in
1065 614 1214 664 Sirapti
1251 623 1382 650 monte
1422 627 1583 651 monas-

92 681 238 718 terium
276 679 476 717 edificavit
511 679 551 716 in
583 679 737 716 honore
764 678 899 716 Sancti
933 678 1134 715 Silvestri.
1163 679 1300 728 Ibique
1329 679 1583 729 aliquandiuj

93 745 218 791 stetit,
238 753 275 782 et
291 745 385 782 inde
406 753 577 796 propter
596 744 914 795 inquietudinem
937 744 1085 781 saeculi
1108 752 1144 780 et
1162 744 1388 794 principum
1409 744 1585 781 Franco-

93 827 181 851 rum
203 813 272 864 qui
293 814 342 850 ad
363 813 493 850 Deum
515 812 745 855 veniebant,
764 812 812 849 ad
829 812 1018 849 Sanctum
1037 811 1298 849 Benedictum
1313 813 1351 848 in
1371 811 1582 849 Cassinum

94 892 222 930 usque
237 878 424 930 pervenit
445 886 483 915 et
504 878 563 914 ibi'
575 877 795 915 monachus
813 878 979 915 effectus
1003 886 1077 915 est.

149 954 210 989 56.
236 972 287 977 —
305 949 365 987 Eo
387 958 569 1000 tempore
593 948 707 986 Griso
730 950 809 986 dux
829 949 930 1000 sugit
945 949 984 985 in
1008 948 1479 999 Sax011iam,etPipinus
1494 949 1584 999 pius

94 1017 171 1054 iter
189 1016 340 1053 faciens
361 1028 436 1066 per
459 1015 694 1066 Toringam,
713 1015 752 1051 in
776 1014 989 1051 Saxoniam
1006 1015 1188 1052 introivit
1210 1028 1337 1065 usque
1354 1014 1401 1051 ad
1423 1014 1584 1051 lluvium

95 1083 263 1122 Missala
277 1083 317 1120 in
338 1083 427 1120 loeo
447 1082 515 1134 qui
537 1083 686 1120 dicitur
707 1082 916 1133 Scannigi,
935 1091 972 1119 et
988 1082 1101 1119 Griso
1119 1083 1277 1134 fugiens
1300 1083 1338 1118 in
1362 1081 1585 1133 Bajoariam

94 1149 219 1194 venit,
243 1149 460 1200 ipsumque
483 1149 669 1186 ducatum
698 1148 775 1185 sibi
798 1146 1042 1199 subjugavit.
1080 1148 1308 1185 Ililtrudem
1343 1161 1430 1184 cum
1455 1147 1587 1184 Tassi-

96 1218 187 1255 lone
203 1217 437 1268 adquisivit,
459 1225 497 1254 et
518 1215 722 1268 Switgerk
743 1216 783 1253 in
815 1216 1000 1254 solatium
1030 1216 1212 1253 Grisonis
1251 1216 1374 1253 venit.
1417 1215 1587 1266 Pipinus

96 1292 243 1327 autem,
268 1295 357 1320 cum
380 1282 559 1319 exercitu
578 1282 656 1319 iter
678 1282 828 1319 faciens
851 1282 959 1327 illuc,
984 1290 1107 1319 totam
1140 1280 1366 1333 Bajoariam
1390 1281 1466 1317 sibi
1490 1281 1588 1317 sub-

90 1351 264 1403 jugavit,
289 1351 499 1388 Grifonem
516 1364 652 1388 secum
675 1351 841 1388 adduxit
857 1360 894 1388 et
917 1351 1161 1388 Lanfredum
1179 1359 1216 1388 et
1236 1363 1310 1401 per
1332 1363 1447 1387 suurn
1463 1351 1588 1387 bene-

96 1417 229 1454 ficium
265 1416 520 1454 Tassilonem
555 1416 768 1453 collocavit
806 1417 845 1454 in
881 1417 1026 1454 ducatu
1049 1415 1345 1468 Bajomdorum,
1379 1415 1587 1452 Grisonem

96 1498 193 1522 vero
215 1485 256 1522 in
278 1484 469 1522 Neustrie
485 1492 622 1535 partes
646 1483 755 1521 misit
773 1492 811 1521 et
833 1484 943 1522 dedit
965 1484 999 1521 ei
1016 1484 1227 1522 duodecim
1245 1483 1470 1520 comitatus.
1492 1482 1588 1519 Inde

97 1551 242 1588 iterum
283 1549 418 1587 Grifo¹
442 1549 602 1601 fugiens
620 1549 884 1587 VVasconiam
907 1550 1024 1601 petiit
1045 1558 1083 1587 et
1104 1550 1152 1586 ad
1167 1549 1424 1591 XVaiserium,
1449 1549 1589 1585 ducem

97 1623 409 1675 Aquitanorum,
433 1623 634 1673 pervenit.
656 1618 777 1658 Tunc
801 1617 1001 1659 dolentes
1024 1617 1197 1667 Franci,
1224 1616 1325 1674 quia
1351 1632 1438 1657 non
1461 1616 1589 1656 habe—

98 1690 203 1731 bant
213 1689 477 1746 prudentem
494 1705 660 1748 regem,
676 1689 752 1730 sed
763 1689 851 1741 jam
867 1706 945 1746 per
962 1689 1121 1731 multos
1138 1705 1275 1729 annos
1291 1688 1591 1729 sustinuerant

99 1763 151 1805 de
175 1763 313 1823 regali
342 1762 466 1820 prole
489 1762 754 1819 insipientes
781 1763 915 1814 viros,
941 1763 1173 1804 voluerunt
1189 1763 1357 1804 elevare
1381 1762 1423 1803 in
1442 1777 1589 1821 regem

98 1834 308 1892 Pipinum
327 1834 465 1891 pium.
493 1834 578 1886 Qui
601 1834 743 1875 noluit
767 1834 1072 1891 adquiescere,
1092 1835 1168 1876 sed
1193 1833 1393 1875 adunatis
1421 1831 1590 1874 cunctis

99 1908 370 1966 primoribus
395 1909 682 1958 Francorum,
707 1924 759 1949 ex
802 1919 925 1966 parte
956 1926 1106 1951 eorum
1131 1908 1250 1949 misit
1273 1910 1409 1949 Rome
1434 1908 1590 1947 Burca-

99 1981 253 2031 dumm,
271 1979 695 2040 X'Virzeburgensem
718 1980 975 2037 episcopum
996 1990 1037 2022 et
1061 1980 1300 2021 Golradum
1318 1978 1590 2035 capellanum

99 2070 224 2095 suum
241 2053 294 2095 ad
310 2070 467 2111 papam
491 2053 762 2095 Zachariam.
787 2058 879 2106 Qui,
905 2071 951 2094 ex
972 2065 1086 2107 parte
1116 2055 1379 2095 Francorum,
1420 2053 1590 2090 interro-

99 2133 298 2178 gaverunt
313 2126 361 2163 de
384 2125 552 2176 regibus
571 2125 611 2163 in
635 2125 806 2162 Francia
839 2123 922 2175 qui,
946 2130 1117 2174 propter
1134 2134 1244 2157 suam
1266 2118 1493 2162 amentiam,
1512 2117 1590 2153 illis

98 2193 352 2245 temporibus
390 2206 471 2230 non
487 2193 690 2231 habebant
711 2193 888 2244 regalem
906 2198 1164 2242 potestatem,
1185 2188 1217 2224 si
1234 2189 1335 2224 bene
1362 2186 1519 2230 suisset,
1543 2198 1591 2221 an

99 2272 195 2296 non.
221 2258 273 2296 Et
303 2258 520 2296 Zacharias
556 2272 674 2310 papa,
712 2272 801 2296 cum
835 2256 1007 2295 consilio
1041 2254 1239 2291 nobilium
1314 2253 1587 2293 fflmanorum,

100 2326 303 2364 mandavit
325 2326 492 2364 Francis
508 2335 550 2363 ut
570 2326 713 2364 melius
737 2334 847 2363 esset
876 2323 1012 2362 vocari
1040 2334 1176 2373 regem
1206 2321 1315 2357 illurn
1339 2319 1405 2370 qui
1428 2318 1593 2355 haberet

98 2391 357 2442 prudentiam
379 2400 417 2429 et
437 2400 680 2442 potestatem
703 2405 821 2443 quam
844 2390 956 2428 illum
980 2388 1063 2440 qui,
1098 2387 1183 2424 sine
1224 2384 1348 2436 regali
1376 2391 1590 2435 potestate,

101 2459 188 2497 solo
210 2459 372 2497 nomine
395 2473 466 2497 rex
482 2468 581 2497 erat.
608 2459 660 2497 Et
674 2467 717 2496 ut
737 2473 818 2496 non
841 2459 1154 2496 conturbaretur
1175 2454 1274 2509 ordo
1292 2449 1593 2503 1‘egali5,jussit

98 2538 174 2576 per
194 2525 472 2564 auctoritatem
508 2524 788 2576 apostolicam,
813 2523 1006 2574 Pipinum
1039 2521 1125 2559 fieri
1147 2532 1284 2570 regem
1326 2517 1392 2568 qui
1427 2523 1510 2553 erat
1544 2515 1591 2552 de

101 2593 299 2645 sanguine
320 2593 449 2645 regali
467 2592 853 2631 Francorum.Tunc
875 2591 1048 2642 Pipinus
1063 2590 1171 2641 piuS,
1195 2588 1299 2625 filius
1320 2585 1458 2623 Kal-oli
1480 2583 1592 2620 Mar-

100 2658 199 2704 telli,
223 2672 245 2696 a
266 2658 422 2697 cunetis
441 2658 610 2697 Francis
634 2657 881 2696 unanimiter
896 2655 1166 2708 gaudentibus
1190 2653 1340 2690 electus
1361 2659 1422 2687 est
1440 2648 1591 2686 invitus

140 2799 167 2840 j)
187 2798 375 2840 aliquando
396 2800 432 2836 F,
456 2799 495 2832 G.
519 2817 558 2823 —
580 2800 613 2840 k)
650 2799 790 2840 Suitger
811 2799 847 2833 F,
881 2798 916 2831 G.
950 2816 987 2821 —
1015 2797 1038 2837 l)
1069 2795 1201 2835 Gripho
1234 2793 1269 2827 F,
1303 2792 1342 2823 G,
1371 2809 1401 2814 -
1428 2791 1471 2829 m)
1503 2789 1592 2819 Bur-

102 2841 272 2871 chardum
292 2841 327 2877 F,
344 2841 384 2874 G.
