1908 3256
641 326 757 351 maiza
790 326 966 352 viarius
1473 322 1544 357 185

52 414 158 466 lum,
184 413 260 472 qui
282 412 426 471 primo
449 412 511 455 eis
535 413 579 454 in
601 413 829 471 Actyopis,
858 415 1018 458 deinde
1055 419 1199 477 angeli
1236 419 1344 460 lucis
1380 420 1517 477 figura
1534 448 1546 453 -

49 485 172 527 tione
202 486 459 542 apparebat,
486 494 527 527 et
550 485 613 527 eis
637 486 821 527 multum
856 488 1018 528 cotidie
1041 499 1271 548 argentum
1295 490 1540 533 deserebat.

52 558 188 614 Cujus
209 556 356 598 verbis
378 556 655 607 obedientes,
682 558 858 614 penitus
883 559 1108 601 Christum
1138 561 1324 602 latenter
1360 578 1546 619 respue-

50 637 165 679 rant,
190 637 233 669 et
267 627 653 669 abhominationes
679 637 721 670 et
744 629 945 680 crimina,
990 646 1099 687 quac
1131 631 1219 672 (lici
1254 632 1385 673 etiam
1423 633 1544 693 flagi-

48 699 160 741 tium
194 708 275 750 est,
313 698 357 739 in
391 698 565 740 occulto
596 701 877 751 exercebant,
923 710 965 743 et
998 701 1042 742 in
1075 712 1227 759 aperto
1270 704 1539 746 christianos

49 787 177 813 veros
199 787 244 812 se
282 769 508 812 fallebant.
533 770 832 813 Nihilominus
863 772 978 829 apud
1013 773 1215 815 Tolosam
1252 774 1417 816 inventi
1441 786 1543 818 sunt

49 841 289 892 Manichei,
315 850 358 883 et
379 841 465 898 ipsi
493 841 726 893 destructi,
753 851 796 884 et
826 859 905 899 per
933 843 1128 885 diversas
1158 845 1414 887 Occidentis
1452 863 1546 903 par·

49 922 117 955 tes
157 912 302 954 nuntii
335 912 603 954 Antichristi
637 913 794 964 exorti,
835 930 914 971 per
961 915 1142 957 latibula
1184 932 1279 957 sese
1326 917 1546 959 occultare

51 986 265 1027 curabant
292 993 335 1026 et
369 1000 673 1042 quoscumque
697 994 904 1042 poterant
925 986 1043 1027 viros
1066 996 1109 1029 et
1137 988 1344 1029 mulieres
1372 989 1549 1030 subver-

50 1058 220 1099 tebant.
248 1055 439 1110 Quidam
461 1056 595 1098 etiam
618 1056 870 1098 Aurelianis
886 1064 899 1083 ⁰
921 1059 1160 1100 canonicus
1183 1069 1351 1111 cantor,
1371 1060 1547 1102 nomine

53 1128 324 1180 Theodatus,
351 1129 427 1186 qui
451 1137 655 1170 mortuus
680 1137 774 1170 erat
802 1138 903 1170 ante
926 1129 1168 1171 triennium
1189 1131 1232 1171 in
1261 1131 1334 1172 illa
1356 1132 1545 1183 haeresi,

52 1209 100 1242 ut
121 1200 419 1257 perhibebant
438 1199 615 1257 probati
636 1199 763 1251 virid,
789 1200 1027 1260 religiosus
1054 1201 1171 1243 visus
1194 1201 1335 1243 suerat
1350 1211 1378 1243 ⁰.
1413 1203 1548 1259 Cujus

53 1287 230 1328 corpus,
250 1280 484 1329 postquam
513 1272 751 1328 probatum
786 1280 867 1323 cst,
906 1273 1095 1328 ejectum
1130 1281 1195 1314 est
1232 1273 1284 1315 de
1308 1273 1542 1324 cimiterio,

48 1344 234 1399 jubente
257 1343 469 1400 episcopo
493 1342 724 1393 Odolrieo,
751 1351 793 1383 et
816 1344 1063 1400 projectum
1087 1344 1268 1385 invium.
1295 1344 1379 1397 Qui
1401 1354 1544 1386 autem

52 1413 240 1456 flammis
258 1414 446 1471 judicati
487 1423 589 1455 sunt
630 1413 877 1470 supradicti
906 1415 1058 1456 decem
1082 1432 1179 1457 cum
1208 1416 1371 1472 Lisojo,
1415 1432 1544 1473 quem

51 1502 130 1527 rex
155 1485 281 1527 valde
305 1485 521 1527 dilexerat
550 1494 736 1542 propter
771 1486 1068 1536 sanctitatem,
1101 1503 1230 1543 quam
1254 1503 1351 1528 cum
1380 1488 1543 1528 habere

51 1556 278 1608 credebat,
305 1556 451 1598 securi
478 1556 592 1597 nihil
615 1556 765 1616 ignem
788 1556 1021 1608 timebant,
1048 1567 1087 1599 et
1111 1573 1133 1599 a
1155 1557 1341 1598 flammis
1364 1574 1408 1599 se
1432 1558 1544 1599 inlc-

52 1644 123 1669 sos
146 1627 266 1669 exire
301 1627 640 1684 promittebant,
679 1637 722 1669 et
756 1627 953 1669 ridentes
994 1629 1037 1669 in
1071 1629 1215 1670 medio
1261 1629 1377 1687 ignis
1417 1629 1542 1687 ligati

52 1709 169 1751 sunt,
201 1709 244 1741 et
267 1700 361 1741 sine
386 1716 508 1741 mora
531 1699 708 1756 penitus
737 1700 781 1741 in
822 1700 1016 1742 cinerem
1045 1701 1213 1742 redacti
1250 1688 1366 1749 sunt,
1393 1711 1439 1742 ut
1461 1717 1541 1742 nec

51 1773 104 1815 de
126 1773 302 1815 ossibus
323 1773 551 1815 residuum
572 1772 847 1814 inveniretur
870 1789 1020 1814 eorum
1037 1771 1079 1813 Η.

109 1846 178 1890 60.
205 1871 264 1877 -
291 1846 387 1898 Quo
405 1853 608 1901 tempore
630 1843 886 1893 Aimiricus,
918 1843 1126 1900 princeps
1160 1841 1484 1884 Ronconiensis
1503 1848 1536 1888 g,

50 1926 204 1958 contra
226 1916 450 1958 seniorem
474 1933 600 1958 suum
623 1915 897 1960 NVillelmum
921 1915 1127 1957 comitem
1150 1914 1418 1974 Egolismae,
1437 1913 1539 1954 dum

50 1987 145 2045 ipse
191 1988 446 2032 XVillelmus
482 1989 649 2030 Romae
698 1996 830 2037 esset,
877 1996 1069 2028 castrum
1110 1987 1418 2027 Fractabotum
1438 1988 1449 2007 ²
1496 1984 1539 2024 in

53 2060 319 2102 Sanetonico
342 2059 536 2101 extruxit
569 2075 650 2116 per
673 2058 769 2100 dies
791 2058 1166 2100 Resurrectionis.
1204 2056 1476 2098 promiserat
1502 2055 1541 2096 ei

49 2131 310 2174 fidelitatem
362 2147 495 2188 super
547 2130 760 2188 reliquias
820 2139 1072 2171 sanctorum
1119 2129 1506 2171 calciamentorum
1527 2126 1539 2147 ¹¹

91 2245 121 2281 e)
147 2249 265 2275 sancte
292 2244 412 2274 Crucis
434 2243 694 2275 Aurelianensis
716 2243 752 2275 C.
774 2261 812 2266 -—
836 2243 872 2280 d)
897 2243 965 2273 vivi
987 2244 1024 2272 A.
1048 2243 1129 2279 —e)
1155 2241 1359 2282 p1·1·il›ebanl
1396 2239 1534 2269 hcm—tivi

49 2287 118 2328 ipsi
140 2287 177 2318 C.
205 2304 246 2309 —-
264 2287 287 2325 s)
310 2286 363 2316 his
386 2285 508 2315 diebus
535 2285 679 2326 quidam
700 2295 717 2315 e
740 2284 958 2325 principibus
998 2283 1287 2321 ligoli<1mu1sium
1317 2281 1533 2312 (lardrailus,

50 2340 128 2358 cum
156 2340 222 2358 non
244 2328 353 2358 filiuni
376 2327 531 2365 haberet,
553 2326 751 2357 aedificavit
772 2326 805 2355 in
829 2326 1059 2355 Sam-amicho
1082 2337 1172 2365 pago
1197 2336 1215 2353 a
1240 2335 1326 2353 novo
1349 2323 1380 2352 in
1410 2323 1538 2351 honor«-

51 2370 162 2400 sam-ti
214 2369 380 2410 Stephani
424 2367 696 2409 protomartyris
733 2367 936 2397 coenobium
989 2367 1207 2398 navim-ense,
1252 2365 1307 2394 ubi
1357 2364 1537 2401 regulares

48 2412 238 2441 monachos
280 2411 492 2451 adgregans.
533 2409 766 2440 venerabilem
805 2409 993 2440 Ainardum
1041 2408 1201 2437 abbatem
1248 2405 1423 2446 praest-vit.
1475 2405 1540 2434 De·—

50 2453 180 2484 dicavit
204 2453 321 2494 ipsum
338 2453 450 2482 locum
476 2451 705 2483 Grimoardus
722 2450 984 2490 Egolisnicnsis,
1008 2454 1039 2479 ct
1056 2451 1161 2479 frater
1183 2448 1255 2487 ejus
1277 2448 1367 2479 anu.
1394 2449 1539 2475 Sam-10-

49 2494 201 2525 nicencis
237 2494 435 2534 episcopus.
461 2493 568 2528 Quem
608 2493 722 2522 lucum
753 2492 945 2524 Gardadrc,
979 2493 1068 2520 savio
1103 2494 1320 2520 asiana-1111».
1347 2487 1539 2517 attitulavit

50 2536 224 2566 Romanae
244 2535 412 2566 basilicae
440 2534 550 2564 sancti
573 2533 675 2568 Petri,
692 2533 898 2563 utomnibus
921 2544 1056 2573 semper
1080 2532 1179 2561 annis
1197 2531 1363 2559 tribulum
1388 2529 1539 2569 quinqu«¹

51 2577 242 2608 solidorum
279 2576 415 2618 argenti
436 2576 661 2606 exsolvantur
682 2586 786 2615 Super
807 2586 934 2616 corpus
956 2574 1064 2604 sancti
1082 2573 1169 2603 Petri
1187 2572 1269 2602 add.
1286 2572 1324 2603 C.
1340 2588 1378 2593 —·
1399 2573 1434 2611 g)
1457 2581 1539 2600 ron-

50 2619 222 2650 comensis
243 2621 282 2652 A.
307 2636 346 2641 -
366 2619 402 2658 h)
426 2622 631 2648 sanctarum
657 2616 856 2657 caligarum
882 2616 919 2647 C.

92 2773 122 2805 1.
143 2773 194 2805 Cf.
219 2776 319 2805 Gesta
345 2773 478 2814 Synodt'
499 2770 692 2807 Aurelian„
712 2772 798 2802 dans
815 2772 855 2803 D.
877 2772 1046 2812 Bouquet,
1069 2773 1093 2800 t.
1110 2769 1147 2803 X,
1173 2780 1206 2809 p.
1223 2769 1295 2798 537.

91 2816 122 2847 2.
143 2815 187 2847 Ce
210 2826 291 2845 nom
314 2817 369 2846 n'a
389 2826 437 2856 pu
452 2818 522 2845 etre
539 2813 706 2844 identifie.

1597 1850 1666 1877 1024
1680 1851 1758 1877 avril
