1908 3256
304 275 351 312 24
823 287 1008 312 ,mmmm
1039 285 1280 311 CHRONICON

301 377 509 415 edificabat
547 376 836 427 Sigismundus
876 389 945 413 rex
980 375 1272 413 monasterium
1312 383 1546 414 sanctorum
1577 384 1803 428 martyrum

303 442 609 494 Agaunensium
626 447 641 463 ⁰
658 442 696 479 in
726 441 979 494 Burgundia‚
1004 440 1132 478 sancti
1152 439 1339 478 Mauricii
1363 453 1453 478 cum
1476 441 1600 479 sociis
1621 442 1709 480 suis
1732 456 1803 481 sex

304 509 465 547 milibus
489 509 690 546 sexcentis
705 509 914 560 sexaginta
933 521 1003 545 sex
1016 513 1044 543 V.
1069 506 1131 543 Illi
1148 514 1278 543 autem
1300 516 1608 546 commoverunt
1641 507 1799 548 hostem

304 574 643 627 Burgondionum
666 582 807 612 contra
829 573 1105 612 Clodomirem
1143 585 1297 624 regem,
1331 580 1369 610 et
1407 572 1731 621 Childebertum‚
1765 583 1803 613 et

303 639 554 678 Clotharium
577 641 736 684 fratres,
768 639 872 677 filios
893 637 1105 676 Clodovei.
1123 636 1208 675 Illis
1222 637 1329 676 inter
1344 651 1386 676 se
1406 640 1797 692 compugnantibuS,

303 707 492 758 fugerunt
514 706 596 744 cesi
624 704 942 758 Burgundiones
975 716 1063 742 cum
1102 701 1343 750 Gotmaro¹;
1379 703 1670 756 Sigismundus
1702 719 1801 744 vero

301 773 394 810 dum
419 772 467 809 ad
493 779 654 809 sanctos
677 770 945 824 Agaunenses
975 771 1148 821 fugeret,
1176 778 1421 808 consecutus
1444 778 1505 809 est
1521 784 1612 809 eum
1648 770 1803 810 Clodo-

304 837 432 883 miris,
457 837 807 890 apprehenditque
831 849 919 874 eum
942 849 1031 874 cum
1052 849 1177 874 uxore
1205 844 1244 874 et
1263 836 1368 875 filios
1393 849 1548 885 eorum,
1575 845 1614 875 et
1635 843 1804 889 captos&

302 905 341 941 in
358 917 505 956 pagum
527 903 864 941 Aurelianensem
884 901 1052 940 adduxit
1072 909 1192 953 atque
1225 902 1266 939 in
1302 915 1508 940 carcerem
1527 903 1688 942 retrudi
1712 902 1804 956 jus-

302 970 367 1007 sit.
398 969 546 1007 Beatus
572 978 702 1008 autem
724 968 885 1014 Avitus,
909 969 977 1020 qui
1010 976 1094 1006 erat
1115 977 1211 1006 tunc
1232 969 1296 1006 vir
1313 977 1477 1007 sanctus
1511 968 1587 1007 Dei
1611 970 1735 1008 abbas
1763 970 1804 1008 in

302 1036 535 1074 Aurelianis
559 1036 733 1082 civitate,
772 1035 1048 1073 Clodomirem
1080 1036 1279 1087 rogabatz
1314 1044 1357 1073 ut
1389 1049 1470 1074 non
1491 1035 1698 1074 occideret
1715 1049 1801 1082 eos,

305 1103 376 1140 sed
405 1102 471 1140 ille
493 1102 655 1140 nolebat
678 1102 816 1139 audire
840 1114 943 1139 eum.
967 1101 1080 1138 Tunc
1099 1101 1356 1140 interfectum
1374 1108 1471 1139 tama
1493 1101 1804 1154 Sigismundum

304 1181 423 1220 quam
440 1181 608 1206 uxorem
629 1167 715 1220 ejus
735 1176 773 1205 et
802 1167 908 1205 filios
943 1165 1116 1219 projecit
1156 1180 1245 1205 eum
1279 1167 1320 1205 in
1356 1175 1523 1219 puteum
1545 1167 1585 1205 in
1605 1168 1696 1207 loco
1735 1169 1803 1220 qui

302 1243 472 1272 vocatur
492 1233 718 1286 Columpne
740 1234 870 1271 vicus.

358 1303 420 1339 20.
443 1324 493 1329 ——
516 1300 616 1339 Post
648 1300 736 1346 hec,
771 1301 916 1338 iterum
942 1299 1161 1338 commovit
1198 1299 1421 1340 exercitum
1453 1299 1720 1348 Clodomiris‚
1756 1301 1798 1339 in

304 1367 583 1419 Burgundiam
604 1380 799 1420 pergens,
825 1375 966 1405 contra
988 1365 1240 1405 Gotmarum.
1267 1366 1452 1417 Cumque
1473 1366 1686 1405 venissent
1709 1380 1799 1405 cum

304 1447 450 1486 magno
472 1432 587 1471 hoste
616 1433 655 1471 in
677 1447 782 1486 pago
805 1433 1053 1478 Viennense,
1077 1433 1117 1469 in
1146 1432 1237 1470 loco
1260 1433 1328 1484 qui
1367 1432 1517 1470 dicitur
1547 1432 1800 1479 Visorantia,

307 1500 540 1545 Gotmarus,
566 1499 707 1537 locatis
724 1500 931 1552 gentibus,
951 1512 1040 1537 cum
1057 1496 1312 1537 Clodomireb
1325 1498 1592 1550 preliabatur‚
1614 1498 1802 1551 Burgon-

311 1566 536 1617 dionesque
554 1565 670 1603 valde
688 1565 836 1611 collisi,
862 1579 951 1603 cum
974 1564 1168 1603 Gotmaro
1190 1565 1394 1617 fugerunt.
1415 1564 1600 1616 Cumque
1619 1578 1689 1603 eos
1706 1577 1804 1617 per—

313 1639 585 1682 sequerentur
608 1631 858 1669 Clodomiris
875 1631 996 1668 nimis
1018 1631 1150 1676 valde,
1185 1630 1547 1682 concurrissetque
1562 1631 1806 1669 antecedens

311 1711 380 1735 eos
401 1710 490 1735 cum
509 1710 613 1748 equo
635 1697 781 1744 veloci,
800 1697 840 1734 in
864 1696 997 1734 medio
1013 1710 1152 1734 eorum
1169 1705 1230 1734 est
1247 1697 1478 1749 ingressus.
1502 1696 1579 1745 Qui
1594 1709 1642 1734 ex
1659 1697 1806 1735 adver-

311 1777 354 1800 sa
368 1771 482 1814 parte
500 1776 738 1814 percussus,
764 1763 918 1801 corruit
931 1771 1198 1814 mortuusque
1212 1771 1287 1801 est.
1308 1763 1426 1812 Quod
1441 1762 1627 1801 videntes
1642 1762 1804 1809 Franci,

310 1829 434 1866 nimio
449 1828 589 1866 dolore
604 1837 639 1867 et
656 1829 715 1867 ira
731 1830 936 1872 commoti,
960 1829 1196 1867 Gotmarum
1208 1837 1506 1881 persequentes
1520 1829 1804 1876 exterminant,

311 1894 625 1946 Burgondiones
647 1895 867 1946 perimunt,
902 1904 1151 1947 cunctasque
1172 1895 1366 1947 regiones
1387 1902 1608 1940 vastantes,
1631 1908 1652 1932 a
1672 1907 1804 1947 puero

310 1973 438 2011 usque
451 1961 498 1997 ad
513 1973 649 1998 senem
663 1961 959 2006 interimentes,
975 1962 1132 1999 reversi
1144 1969 1250 1999 sunt.
1269 1960 1520 1999 Clothariusc
1533 1959 1606 1998 hec
1619 1960 1804 2008 audiens,

310 2039 476 2063 uxorem
508 2026 644 2064 fratris
682 2027 742 2064 sui
780 2028 935 2078 accepit
957 2028 996 2064 in
1017 2027 1266 2080 conjugium,
1301 2026 1565 2065 Gundeucam
1586 2026 1603 2049 ‘¹
1623 2027 1802 2065 nomine.

314 2092 439 2129 Filios
460 2105 620 2143 quoque
645 2092 892 2131 Clodomiris
916 2095 1111 2139 orfanos⁰‚
1130 2092 1436 2132 Theodoaldum
1457 2100 1496 2131 et
1518 2093 1803 2140 modoaldum,

314 2157 544 2195 Crochildis
560 2158 702 2209 regina
720 2158 956 2205 nutriebats,
983 2160 1165 2197 retinens
1181 2165 1197 2188 g
1219 2173 1289 2197 eos
1313 2172 1464 2197 secum.

368 2225 429 2261 21.
454 2246 504 2250 -——
526 2223 570 2260 In
587 2223 656 2261 illo
676 2232 858 2275 tempore
881 2224 1158 2263 Theodericus
1179 2233 1216 2262 et
1234 2225 1559 2270 Theodebertus,
1577 2224 1683 2262 filius
1700 2223 1802 2277 ejus,

312 2297 349 2325 et
372 2288 602 2326 Clotharius
622 2302 707 2328 rex.
733 2303 820 2326 curn
846 2289 1095 2328 Francorum
1119 2291 1298 2329 exercitu
1325 2290 1507 2328 Hrenum
1526 2298 1802 2337 transeuntes,

325 2367 349 2390 n
372 2353 593 2405 Toringam
616 2355 797 2407 dirigunt
812 2364 952 2393 contra
972 2355 1328 2402 Ermenfredumh,
1354 2369 1492 2409 regem
1508 2356 1799 2409 Toringorum.

311 2418 395 2456 Hec
417 2420 626 2457 audientes
642 2420 828 2472 Toringi,
853 2423 1028 2459 fossatos
1049 2423 1232 2461 fecerunt
1253 2431 1291 2461 et
1310 2422 1481 2461 subdole
1503 2423 1683 2475 desuper
1701 2435 1800 2461 coo-

309 2493 531 2535 peruerunt
550 2486 789 2537 cespitibus.
805 2485 988 2538 Cumque
1010 2488 1059 2525 ad
1078 2488 1228 2526 bellum
1247 2489 1399 2527 ibidem
1413 2488 1716 2540 pervenissent,
1736 2489 1802 2528 in-

349 2635 384 2667 u]
412 2634 670 2674 Agaunensium
692 2635 784 2665 deest
805 2636 842 2670 E,
866 2637 901 2671 F,
925 2636 963 2667 G.
986 2655 1026 2660 —
1047 2637 1100 2678 v*)
1128 2638 1239 2668 sancti
1266 2638 1464 2669 Mauricii...
1495 2649 1554 2669 sex
1583 2638 1678 2668 deest
1706 2638 1742 2668 C.
1764 2656 1806 2662 -—-

305 2685 336 2711 x)
354 2675 544 2706 Gothmaro
566 2676 601 2708 F.
625 2676 664 2707 G.
687 2695 727 2699 —
746 2679 779 2716 y)
807 2677 964 2718 captivos
993 2678 1028 2712 F.
1053 2678 1091 2709 G.
1115 2697 1155 2702 —
1171 2680 1199 2718 z)
1221 2681 1372 2721 rogabat
1391 2681 1485 2710 deest
1504 2681 1541 2710 A.
1563 2698 1606 2704 --
1624 2679 1657 2720 a)
1694 2679 1804 2711 inter-

309 2719 434 2747 fectam
449 2718 484 2747 A.
507 2736 548 2740 —
568 2722 639 2747 tam
653 2717 745 2748 deest
765 2720 802 2749 A.
826 2719 864 2753 D,
888 2719 924 2754 E,
949 2720 983 2754 F,
1001 2720 1039 2750 G.
1062 2739 1104 2743 —
1123 2721 1158 2758 b)
1175 2721 1370 2752 ClomireA.
1393 2740 1434 2744 —
1453 2721 1700 2760 c)Clotha1-ius
1721 2732 1803 2752 vero

310 2758 346 2793 E,
370 2759 405 2793 F,
429 2758 466 2789 G.
496 2777 536 2781 —
563 2759 595 2799 d)
618 2759 843 2790 Gundoveam
870 2761 905 2795 F,
941 2761 980 2791 G.
1002 2779 1043 2784 —-
1075 2764 1102 2791 ei
1126 2764 1266 2793 orfanos
1288 2763 1381 2793 deest
1407 2764 1442 2799 F,
1467 2764 1505 2795 G.
1522 2781 1563 2786 —
1597 2764 1623 2805 f)
1644 2763 1803 2794 nutribat

310 2801 346 2834 A,
371 2799 408 2829 D.
431 2818 470 2822 —
492 2801 524 2839 g)
547 2800 732 2830 retinentes
755 2802 790 2831 A.
814 2820 853 2824 -—
886 2802 922 2841 h)
939 2802 1226 2834 Hermenfredum
1249 2805 1284 2839 F,
1313 2805 1352 2835 G.
