1908 3256
659 325 775 349 mul-:u
808 325 1018 351 secuxnus
1525 321 1570 354 81

89 423 127 452 et
157 413 422 464 optimatibus
464 413 548 450 suis
584 414 813 465 prospexit,
850 423 891 452 ut
929 428 1008 453 non
1030 417 1237 455 deleretur
1265 418 1331 454 illa
1354 426 1475 462 terra,
1504 433 1575 455 nec

90 480 397 517 desertarentur
437 479 648 530 episcopia
685 489 723 517 et
771 482 1034 527 monasteria,
1080 482 1275 534 eligitque
1312 495 1370 520 xn
1411 484 1576 520 obsides

91 554 129 583 et
167 544 337 582 tercium
378 544 593 589 decimum,
637 544 761 582 filium
809 545 924 583 ducis
976 546 1247 594 Grimaldum,
1299 556 1350 595 et,
1401 550 1577 600 acceptis

89 610 345 657 muneribus,
374 608 614 661 juraverunt
642 624 782 648 omnes
812 610 1089 650 Beneventani
1112 614 1260 651 domno
1290 614 1375 664 regi
1410 613 1574 652 Karolo.

90 677 145 717 Et
162 691 363 717 reversus
391 684 456 716 est
484 675 710 732 piissimus
746 692 821 717 rex
855 677 1041 718 Karolus
1083 687 1124 719 et
1165 679 1402 720 celebravit
1442 681 1576 720 Rome

94 747 264 788 Pascha
287 763 384 788 cum
409 747 570 788 domno
593 747 865 804 Apostolico.
892 749 1004 790 Ecce
1028 758 1121 791 orta
1145 759 1210 791 est
1243 750 1466 791 contentio
1501 767 1578 807 per

92 818 186 859 dies
210 818 344 859 festos
360 818 527 858 Pasche
552 817 667 859 inter
687 827 889 860 cantores
923 821 1221 862 Romanorum
1258 830 1300 862 et
1334 821 1574 862 Gallorum.

90 889 308 931 Dicebant
325 905 368 930 se
381 888 520 931 Gallif
542 881 697 930 melius
721 899 896 931 cantare
920 900 961 932 et
979 892 1207 947 pulchrius
1224 908 1351 949 quam
1376 892 1576 934 Romani.

90 961 308 1002 Dicebant
324 976 368 1001 se
388 960 576 1002 Romani
598 961 853 1002 doctissime
883 963 1124 1004 cantilenas
1141 963 1460 1004 ecclesiasticas
1478 980 1580 1020 pro-

90 1032 220 1083 ferre,
246 1032 359 1073 sicut
381 1032 499 1073 docti
515 1031 687 1074 fuerant
709 1050 731 1074 a
757 1042 907 1075 saneto
931 1034 1149 1093 Gregorio
1166 1051 1292 1091 papa,
1319 1035 1467 1076 Gallos
1484 1051 1582 1075 ror-

91 1113 218 1160 rupte
243 1113 418 1145 cantare
448 1112 490 1145 et
512 1104 809 1145 cantilenamg
842 1121 989 1146 sanam
1023 1105 1292 1147 destruendo
1322 1106 1577 1147 dilacerare.

94 1176 189 1228 Que
210 1175 436 1216 contentio
458 1184 557 1216 ante
575 1175 783 1217 domnum
807 1192 957 1236 regem
980 1177 1189 1217 Karolum
1225 1176 1440 1233 pervenit.
1468 1176 1582 1217 Galli

90 1263 193 1288 vero
216 1256 399 1304 propter
419 1246 700 1288 securitatem
718 1247 868 1288 domni
891 1248 1008 1308 regis
1035 1248 1185 1289 Karoli
1207 1248 1329 1290 valde
1343 1249 1582 1304 exprobra-

95 1319 200 1359 bant
222 1318 477 1360 cantoribus
495 1319 704 1369 romanis,
731 1320 918 1361 Romani
940 1336 1042 1361 vero
1066 1329 1248 1377 propter
1278 1320 1582 1361 auctoritatem

95 1404 252 1448 magne
275 1388 476 1430 doctrine
500 1405 574 1430 eos
597 1390 755 1431 stultos
779 1399 821 1431 et
843 1390 1032 1431 rusticos
1049 1399 1091 1431 et
1114 1390 1316 1432 indoctos
1334 1391 1463 1432 velud
1486 1392 1583 1432 bru—

90 1469 133 1501 ta
155 1460 361 1501 animalia
383 1460 690 1512 adfirmabant,
716 1471 759 1503 et
781 1461 1028 1503 doctrinam
1054 1463 1193 1504 sancti
1210 1463 1417 1523 Gregorii
1440 1462 1585 1519 prefe-

91 1532 249 1572 rebant
266 1531 503 1573 rusticitati
523 1533 537 1556 ¹¹
559 1548 726 1573 eorum.
749 1534 804 1574 Et
825 1549 922 1574 cum
946 1533 1173 1575 altercatio
1191 1534 1243 1575 de
1262 1543 1445 1591 utraque
1462 1542 1584 1591 parte

91 1602 246 1654 fierit¹,
272 1603 331 1644 ait
347 1603 533 1645 domnus
557 1604 803 1660 piissimusj
827 1621 905 1647 rex
926 1606 1113 1647 Karolus
1136 1605 1188 1647 ad
1221 1622 1320 1647 suos
1357 1614 1582 1647 cantores:

93 1692 113 1714 «
151 1674 296 1716 Dicite
320 1675 478 1732 palam,
505 1675 603 1732 quis
638 1676 791 1732 purior
826 1685 892 1718 est
933 1686 976 1718 et
1010 1676 1134 1734 quisk
1170 1677 1341 1728 melior,
1379 1686 1451 1718 aut
1492 1676 1586 1718 sons

94 1764 114 1785 «
150 1745 272 1787 vivus
294 1755 367 1788 aut
389 1746 518 1787 rivuli
547 1748 640 1803 ejus
669 1747 799 1807 longe
841 1748 1160 1790 decurrentes?
1183 1766 1203 1788 »
1246 1748 1589 1806 Responderunt

95 1833 246 1858 onmes
269 1834 354 1859 una
393 1834 497 1859 voce
526 1818 693 1860 fontem
722 1819 851 1860 velud
881 1829 1012 1877 caput
1038 1829 1081 1861 et
1103 1820 1322 1879 originem
1364 1819 1588 1876 puriorem

93 1905 206 1940 esse,
232 1888 396 1930 rivulos
420 1891 582 1931 autem¹
607 1891 717 1947 ejus,
738 1900 901 1948 quanto
918 1891 1095 1951 longius
1123 1908 1145 1932 a
1169 1891 1286 1933 fonte
1304 1890 1586 1939 recesserint,

95 1966 218 1999 tanto
240 1959 520 2001 turbulentos
544 1969 587 2001 et
609 1960 815 2002 sordibus
850 1970 893 2002 et
926 1961 1228 2003 immundiciis
1257 1970 1505 2018 corruptos.
1537 1962 1591 2001 Et

98 2029 158 2070 ait
176 2029 363 2072 domnus
380 2047 458 2072 rex
479 2031 666 2073 Karolus
687 2050 694 2072 ι
723 2050 742 2072 «
768 2033 1061 2074 Revertimini
1087 2049 1162 2074 vos
1191 2033 1244 2074 ad
1271 2033 1435 2075 fontem
1452 2031 1591 2074 sancti

96 2119 116 2141 <t
159 2102 385 2162 Gregorii,
411 2103 513 2159 quia
536 2103 766 2145 manifeste
787 2104 1050 2161 corrupistis
1073 2104 1337 2146 cantilenam
1361 2103 1590 2145 ecclesias-

97 2191 117 2213 «
156 2173 288 2214 ticam
320 2191 358 2214 )).
384 2175 488 2216 Mox
505 2175 635 2231 petiit
662 2175 849 2217 domnus
872 2192 948 2217 rex
975 2176 1162 2217 Karolus
1191 2176 1244 2217 ab
1266 2175 1458 2217 Adriano
1481 2190 1590 2231 papa

98 2254 318 2297 cantores,
344 2246 419 2303 qui
441 2246 672 2288 Franciam
695 2247 1009 2307 corrigerentm
1031 2247 1084 2288 de
1107 2256 1252 2288 cantu.
1289 2246 1345 2288 At
1376 2246 1448 2287 illc
1472 2245 1593 2287 dedit

98 2316 138 2357 ei
161 2317 444 2359 Theodorum
461 2327 504 2359 et
537 2318 844 2370 Benedictum,
870 2320 1083 2370 Romane,
1109 2318 1294 2359 ecclesie
1315 2317 1593 2358 doctissimos

102 2397 322 2440 cantores,
348 2389 423 2446 qui
458 2405 479 2430 a
508 2399 658 2431 sancto
689 2390 908 2450 Gregorio
943 2389 1105 2431 eruditi
1140 2389 1327 2440 fuerant,
1350 2388 1593 2444 tribuitque

106 2459 446 2516 antiphonarios
463 2461 602 2502 sancti
625 2462 849 2521 Gregorii,
876 2478 984 2519 quos
1020 2461 1113 2518 ipsc
1143 2469 1367 2507 notaverat
1391 2468 1492 2501 nota
1514 2460 1595 2500 Ro-

107 2546 248 2572 mana.
265 2533 463 2573 Domnus
485 2548 588 2573 vero
605 2548 681 2573 rex
697 2533 899 2584 Karolus,
916 2542 1143 2574 revertens
1160 2533 1202 2573 in
1219 2531 1463 2580 Franciam,
1478 2529 1596 2570 misit

108 2617 243 2643 unum
259 2612 484 2645 cantorem
504 2603 547 2645 in
570 2604 701 2646 Metis
724 2604 961 2656 civitatem,
983 2605 1169 2646 alterum
1189 2604 1232 2645 in
1262 2602 1511 2645 Suessionis
1534 2601 1595 2642 ci-

155 2764 179 2803 f)
214 2763 285 2793 nim
300 2763 393 2796 Galli
415 2775 450 2794 se
471 2764 508 2800 Ε,
525 2765 562 2801 F,
584 2765 624 2797 G·
641 2783 682 2788 ·“
696 2766 730 2806 g)
745 2769 778 2795 et
798 2765 1008 2795 cantilenam
1028 2765 1122 2793 deest
1136 2764 1173 2799 E,
1194 2764 1227 2799 1⁴¹,
1245 2762 1285 2794 G·
1308 2760 1598 2801 -11)¹‘¹¹S¹i⁰i²³¹e

113 2805 150 2840 Α,
208 2829 214 2839 ,
232 2805 363 2842 E.·—i)
380 2806 517 2836 finioret
537 2808 573 2836 A.
590 2825 631 2830 -
654 2807 680 2846 j)
715 2806 897 2847 piissimus
913 2807 1006 2837 deest
1027 2807 1063 2842 E,
1088 2805 1123 2842 F,
1147 2806 1187 2836 G.
1204 2823 1244 2828 —
1264 2805 1298 2844 k)
1325 2803 1401 2844 quis
1427 2807 1477 2833 est
1499 2802 1536 2837 Ε,
1562 2801 1596 2837 F,

114 2846 150 2878 G.
172 2864 213 2868 —
232 2847 257 2886 l)
279 2851 339 2878 aut
353 2848 378 2878 A
398 2866 438 2871 -—-
459 2849 505 2889 m)
526 2848 740 2888 corriperent
779 2848 815 2884 F,
844 2848 883 2880 G.

1280 2931 1298 2959 6
