1908 3256
405 599 697 658 LIBER
787 599 1254 661 SECUNDUS

148 1036 188 1077 1.
243 1059 300 1065 ——
338 1033 514 1074 Primo⁰
567 1048 670 1092 rege
723 1033 992 1074 Francorum
1015 1039 1029 1061 ¹¹
1073 1033 1268 1075 dicemus
1326 1037 1573 1093 prosapiam

91 1105 241 1146 domni
265 1104 454 1162 precelsi
477 1104 595 1164 regis
625 1104 771 1163 magni
811 1104 978 1155 Karoli‚
1024 1121 1153 1162 quem
1200 1107 1316 1147 Deus
1351 1108 1505 1149 amavit
1535 1118 1571 1149 ot

89 1176 293 1218 exaltavit
315 1185 357 1218 et
380 1193 585 1236 magnum
609 1175 856 1233 principem
878 1185 919 1216 ct
947 1176 1178 1217 amabilem
1207 1195 1227 1218 a
1257 1187 1414 1219 cuncto
1442 1196 1574 1236 popu-

87 1249 129 1290 lo
153 1248 395 1289 christiano
418 1247 764 1304 pcruniversum
795 1247 1004 1288 mundum
1040 1247 1157 1289 sccit.
1203 1249 1341 1308 Igitur
1382 1250 1424 1290 in
1473 1260 1573 1292 tcm-

89 1335 195 1376 pore
217 1318 858 1375 Valenti11iani‘1imperatoris,
884 1318 958 1375 qui
981 1319 1193 1376 septimus
1221 1330 1430 1378 augustus
1454 1321 1530 1362 suit
1554 1338 1573 1362 a

90 1389 382 1431 Constantino
412 1390 573 1449 Magno
603 1389 701 1431 divo
730 1399 930 1449 augusto,
975 1406 1104 1446 quem
1146 1400 1321 1432 sanctus
1351 1408 1459 1449 papa
1495 1392 1575 1433 Sil-

85 1470 230 1503 vester
255 1461 508 1518 baptizavit,
535 1462 614 1502 sub
637 1478 722 1518 quo
744 1471 944 1518 tempore
974 1471 1148 1503 sanctus
1172 1463 1451 1505 Ilieronimus
1468 1465 1574 1505 rcla-

86 1533 189 1584 ruit,
215 1533 373 1575 Franci
396 1532 537 1574 adhuc
561 1533 720 1592 pagani
743 1533 933 1590 primum
958 1549 1085 1593 reges
1109 1535 1269 1576 habere
1288 1545 1499 1591 ceperunt
1522 1536 1574 1577 (le

85 1604 351 1661 semetipsis.
395 1604 569 1645 Primus
627 1604 773 1661 itaque
823 1620 899 1646 rex
943 1606 1212 1646 Francorum
1266 1605 1345 1647 suit
1399 1607 1574 1649 nomine

86 1674 402 1725 Faramundus,
446 1675 561 1716 filius
619 1675 897 1716 Marcomiris
944 1675 1140 1732 ejusdem
1188 1676 1331 1735 gentis
1377 1677 1575 1719 inlustris

84 1746 182 1788 viri.
220 1747 326 1788 Post
372 1746 696 1788 Faramundum
744 1747 945 1807 regnavit
989 1747 1160 1795 Clodio,
1189 1747 1303 1789 silius
1332 1750 1440 1804 ejus.
1472 1751 1573 1790 Post

88 1817 347 1859 Clodionem
377 1818 577 1878 regnavit
604 1818 852 1868 Men-ovem,
891 1818 1007 1860 filius
1038 1819 1148 1875 ejus.
1183 1819 1288 1860 Post
1324 1820 1574 1862 Meroveum

87 1889 288 1949 regnavit
318 1889 613 1940 Childericus,
652 1890 767 1931 filius
809 1891 919 1946 ejus.
946 1891 1042 1942 Quo
1063 1899 1263 1947 tempore
1298 1901 1473 1933 exortus
1513 1901 1574 1933 est

87 1960 239 2001 beatus
268 1960 514 2017 Eparchius
538 1977 590 2002 ex
619 1960 794 2002 civitate
817 1961 1141 2021 Pet1‘ag0rica⁵‚
1174 1971 1296 2018 patre
1322 1962 1466 2004 Felice
1494 1963 1576 2004 Au-

86 2030 224 2081 reolo.
251 2030 411 2072 comite
440 2031 639 2088 ejusdem
657 2031 862 2073 civitatis.
899 2033 1005 2073 Post
1041 2032 1341 2074 Childericnm
1380 2034 1577 2093 regnavit

85 2101 349 2154 Clodoveus,
375 2102 490 2144 filius
507 2104 617 2160 ejus,
635 2103 710 2160 qui
733 2103 903 2160 primus
927 2102 979 2145 de
998 2103 1179 2163 regibus
1200 2105 1469 2146 Francorum
1486 2121 1575 2146 crc-

85 2171 198 2213 didit
219 2172 264 2213 in
289 2173 515 2215 Christum
539 2183 581 2215 et
609 2174 856 2230 baptizatus
886 2183 951 2215 est
980 2190 1001 2214 a
1044 2183 1194 2215 sancto
1228 2174 1431 2234 Remigio
1466 2175 1576 2232 cpis-

85 2260 196 2301 copo
219 2261 316 2286 cum
345 2245 465 2286 omni
491 2245 685 2287 exercitu
716 2262 793 2287 suo
816 2255 858 2287 et
880 2246 1085 2287 universo
1108 2245 1270 2302 populo
1290 2247 1570 2288 Francorum.

87 2316 193 2357 Post
222 2315 490 2357 Clocloveum
514 2317 713 2358 reornavit
746 2317 1078 2367 childebertus,
1104 2317 1218 2357 filius
1251 2318 1359 2373 ejus,
1385 2333 1481 2358 cum
1505 2317 1576 2358 tri-

566 2352 591 2377 υ

86 2387 167 2428 bus
231 2386 441 2429 fratribus
494 2388 599 2438 suis,
662 2388 954 2439 Theoderico,
992 2387 1242 2429 Clodomirc
1277 2397 1319 2429 et
1365 2388 1573 2429 Clotario.

95 2458 191 2511 Quo
221 2467 422 2516 tempore
470 2468 646 2500 sanctus
680 2459 926 2516 Eparchius
973 2459 1016 2500 in
1057 2459 1303 2519 Egolisma'
1342 2459 1576 2500 virtutibus

92 2528 268 2581 claruit,
300 2539 343 2571 et
371 2530 468 2587 ipso
492 2530 780 2572 Childeberto
799 2539 1029 2580 reo-nante,
1067 2539 1166 2587 post
1206 2530 1575 2589 septuagesimum

851 2566 876 2590 o

94 2616 256 2642 annum
280 2601 407 2642 etatis
431 2617 506 2642 sue
536 2601 579 2642 in
607 2617 712 2658 pace
741 2601 794 2642 ad
827 2601 1064 2643 Dominum
1095 2601 1311 2659 migravit.
1351 2602 1445 2654 Quo
1472 2610 1576 2642 tem-

96 2687 202 2727 pore
224 2671 482 2714 Anastasius
505 2672 744 2729 imperator
767 2681 977 2731 augustus
999 2672 1174 2728 imperii
1197 2671 1355 2713 insulas
1382 2673 1573 2713 tenebat.

134 2811 165 2851 ο)
186 2813 211 2841 A
236 2812 349 2852 primo
371 2813 406 2843 E.
424 2831 462 2836 —
488 2814 520 2854 p)
542 2814 752 2844 Francorum
773 2814 991 2844 Faramundo
1020 2814 1054 2847 F,
1072 2812 1110 2843 G.
1133 2812 1218 2852 —q)
1239 2812 1577 2853 munimina-131

95 2852 300 2884 Geronimus
322 2855 360 2884 D.
377 2873 417 2878 —
431 2856 459 2894 s)
476 2855 698 2893 petrugorica
715 2856 751 2885 A.
774 2874 814 2878 -—
828 2855 852 2896 t)
874 2854 1075 2895 Engolisma
1096 2854 1234 2884 civitate
1263 2855 1294 2885 F.
1312 2854 1350 2883 G.
