1908 3256
32 625 99 652 1012
110 631 150 650 ou
168 624 234 651 1013

98 993 159 1013 nov
166 1008 172 1014 .

283 298 354 333 172
800 306 985 331 Ani-:imm
1018 304 1257 330 cunomcox

280 397 504 439 Marcialis
527 397 721 458 gloriose
745 397 1099 438 celebraverunt.
1122 396 1344 437 Reversus
1368 396 1604 454 episcopus
1633 399 1781 441 basili-

281 485 373 511 cam
410 469 526 511 sedis
552 470 703 511 Sancti
729 468 961 525 Stephani,
993 483 1122 525 quam
1147 476 1324 509 sanctus
1356 469 1579 510 Marcialis
1602 470 1781 512 dedica-

280 550 418 591 verat,
441 540 756 582 destruendam
781 549 822 581 et
844 539 1200 596 amplificandam
1223 538 1460 596 disposuit,
1487 549 1529 582 et
1565 541 1705 583 lineas
1728 542 1782 583 ad

283 612 569 654 fundamenta
587 612 712 668 jecit,
750 620 797 653 ut
825 620 925 668 post
953 611 1048 652 dies
1079 627 1133 652 xv
1154 610 1383 653 insisteret
1411 612 1553 669 operi.
1590 612 1782 655 Abiens-

284 701 368 742 que
393 685 495 726 inde
516 684 569 726 ad
598 684 832 726 ecclesiam
855 684 1058 744 Agento¹
1090 683 1391 741 supradictam
1406 690 1437 735 q,
1481 684 1545 726 ibi
1575 685 1782 742 spiritum

284 757 485 798 exalavit.
511 757 717 798 Delatum
747 765 811 798 est
841 772 1002 813 corpus
1036 757 1131 812 ejus
1159 755 1454 807 Lemovicam,
1486 756 1603 814 apud
1631 757 1782 799 sedem

281 828 446 887 vigiliis
469 830 768 879 observatum,
794 828 910 885 apud
928 829 1140 870 Sanctum
1162 827 1404 869 Martinum
1422 830 1661 886 sepultum.
1678 831 1783 872 Suc-

281 900 415 941 cessit
438 917 518 958 pro
541 917 591 942 eo
621 899 1008 942 reverentissimus
1033 899 1251 941 Geraldus
1268 900 1298 950 ²,
1325 916 1465 957 nepos
1488 901 1599 957 ejus.
1619 901 1783 943 Conse-

281 981 426 1015 cratus
450 982 516 1014 cst
538 972 730 1014 Pictavis
765 971 881 1028 apud
912 973 1123 1014 Sanctum
1158 971 1413 1029 Hylariumr
1446 989 1468 1014 a
1498 972 1687 1033 Signino
1718 989 1783 1014 ar-

280 1045 583 1101 chiepiscopo.
620 1046 716 1086 Non
749 1044 865 1085 enim
900 1043 1046 1101 potuit
1079 1060 1174 1085 esse
1205 1044 1455 1086 Gauzlenus
1487 1044 1783 1087 Bituricensis

279 1116 661 1173 archiepiscopus,
694 1116 797 1174 quia
818 1115 1008 1157 necdum
1032 1126 1238 1174 receptus
1256 1125 1350 1158 erat
1371 1116 1416 1158 in
1439 1116 1543 1159 sede
1566 1117 1780 1159 Biturica.

282 1189 444 1231 Habuit
465 1197 612 1230 tamen
635 1187 697 1229 ibi
721 1187 879 1229 missos
903 1204 1004 1230 suos
1026 1204 1078 1230 ex
1102 1188 1254 1231 Sancti
1283 1188 1518 1230 Benedicti
1535 1188 1780 1231 monachis.

282 1260 423 1303 Simul
446 1259 745 1302 interfuerunt
767 1260 966 1318 episcopi
999 1260 1280 1302 Gislebertus
1302 1260 1594 1312 pictavensis,
1631 1260 1784 1303 Arnal-

279 1332 359 1374 dus
382 1331 782 1393 petragoricensis,
810 1332 895 1373 Islo
933 1332 1285 1384 Santonicensis,
1319 1333 1611 1375 Grimoardus
1639 1334 1784 1394 Engo-

280 1404 520 1446 lismensis.
562 1406 669 1446 Post
710 1404 1098 1446 benedictionem⁵
1134 1404 1333 1446 comitati
1374 1414 1477 1446 sunt
1510 1421 1609 1446 eum
1642 1421 1783 1463 usque

281 1475 558 1517 Lemovicum
598 1475 821 1517 Arnaldus
858 1485 901 1517 et
933 1475 1224 1517 Grimoardus
1259 1475 1476 1533 episcopi.
1502 1474 1702 1517 Primum
1730 1475 1784 1517 ad

283 1548 494 1589 Sanctum
517 1547 774 1589 Marcialem
803 1557 1022 1589 venerunt
1054 1547 1185 1589 simul
1201 1549 1225 1598 ²,
1258 1556 1301 1589 et
1328 1547 1499 1605 recepti
1522 1556 1624 1589 sunt
1645 1564 1667 1589 a
1690 1564 1784 1589 mo-

281 1619 451 1660 nachis.
485 1619 591 1661 Inde
624 1619 829 1661 monachi
859 1636 933 1661 eos
963 1619 1186 1661 duxerunt
1220 1636 1319 1661 cum
1347 1619 1607 1677 antiphonis
1643 1636 1783 1678 usque

281 1692 334 1734 ad
358 1691 590 1733 ecclesiam
615 1691 900 1733 Cairoensem
918 1694 946 1732 ³.
974 1691 1040 1733 Ibi
1062 1691 1107 1732 in
1130 1691 1341 1733 cathedra
1363 1691 1495 1742 sedit,
1521 1701 1564 1733 et
1585 1692 1785 1734 humeris

282 1764 435 1822 populi
462 1773 629 1815 vectus,
656 1764 882 1805 canonicis
917 1764 1184 1821 antiphonas
1225 1764 1587 1816 concinentibus,
1612 1773 1782 1806 textum

283 1835 502 1895 evangelii
531 1852 553 1877 a
582 1835 848 1877 Grimoardo
877 1835 1089 1892 episcopo
1124 1835 1363 1896 legendum
1399 1835 1605 1893 sumpsit,
1644 1845 1687 1878 et
1723 1836 1785 1878 ita

284 1907 556 1949 benedicens
580 1907 761 1948 dextera
783 1907 976 1957 assidue,
1002 1907 1056 1948 ad
1072 1907 1267 1948 hostium
1284 1907 1493 1949 basilicae
1519 1908 1671 1949 Sancti
1689 1909 1783 1950 Ste-

285 1979 421 2037 phani
444 1996 541 2020 cum
566 1979 707 2039 gloria
729 1979 945 2020 deductus
970 1989 1050 2021 est.
1078 1979 1369 2021 Grimoardus
1409 1979 1596 2022 tradidit
1623 1980 1663 2022 ei
1684 1996 1783 2037 por-

284 2061 350 2093 tas
386 2051 615 2102 ecclesiae,
653 2050 873 2092 Arnaldus
914 2051 1071 2092 cordas
1101 2051 1347 2111 signorum,
1383 2061 1426 2093 et
1456 2053 1584 2093 ambo
1612 2051 1657 2093 in
1680 2052 1783 2095 sede

289 2124 440 2166 Sancti
462 2124 685 2165 Marci-alis
720 2124 1101 2166 intronizaverunt
1140 2141 1255 2175 cum,
1297 2133 1339 2165 et
1379 2124 1496 2166 clara
1522 2140 1628 2166 voce
1664 2142 1685 2164 «
1733 2124 1786 2166 Te

285 2197 425 2238 Deam
451 2196 689 2237 laudamus
726 2214 746 2235 ))
770 2196 993 2238 Arnaldus
1017 2197 1254 2254 episcopus
1271 2196 1482 2238 intonuit.
1513 2196 1785 2254 Episcopum

287 2268 515 2309 sedentem
538 2267 723 2309 osculati
746 2277 848 2309 sunt
869 2284 1038 2320 omnes,
1061 2268 1222 2309 deinde
1242 2268 1421 2310 missam
1449 2269 1786 2310 celebraverunt

329 2402 361 2441 (Γ)
384 2402 474 2431 unde
510 2402 698 2432 monachos
741 2405 936 2431 extruserat
963 2400 1046 2432 add.
1077 2400 1112 2430 C.
1148 2419 1186 2422 —-
1218 2401 1248 2437 r)
1273 2400 1430 2430 Ylarium
1460 2411 1577 2430 mense
1603 2399 1783 2430 novembri

288 2455 351 2484 pro
373 2444 534 2474 omnibus
575 2444 744 2482 gradibus
778 2442 1026 2473 ecclesiasticis.
1060 2454 1078 2472 a
1113 2441 1308 2473 Gisloborto
1342 2442 1520 2483 episcopo,
1543 2441 1637 2472 etin
1671 2442 1784 2482 gradu

288 2485 480 2525 pontificali
505 2498 523 2515 a
548 2485 692 2523 Signino
718 2485 898 2520 monacho,
934 2484 1200 2524 archiepiscopo
1237 2483 1489 2524 Burdegalcnsi
1515 2483 1550 2513 C.
1579 2502 1617 2506 —-
1639 2483 1668 2523 s)
1697 2494 1785 2524 quae

289 2527 462 2557 dominica
491 2528 544 2557 die
570 2531 711 2568 peracta
733 2531 786 2557 cst
811 2526 896 2558 add.
923 2526 958 2556 C.
983 2543 1022 2549 —
1040 2530 1065 2566 t)
1089 2526 1192 2556 simul
1226 2527 1398 2556 duxerunt
1424 2525 1517 2555 deest
1538 2525 1575 2556 C.

328 2737 358 2766 1.
380 2735 492 2769 Aliun,
510 2745 580 2766 arr.
603 2734 642 2763 (le
664 2733 789 2765 Gueret
805 2733 971 2772 (Creuse).

327 2779 357 2808 2.
381 2776 517 2808 Geraud
538 2779 590 2807 ev.
613 2776 654 2806 de
676 2775 834 2816 Limoges
850 2775 1067 2813 (1012-1020).

329 2821 358 2850 3.
382 2817 814 2857 St-Pierre-du-Queyroix,
836 2818 856 2846 a
882 2816 1055 2856 Limoges.
