1908 3256
711 340 826 365 Lim-:n
858 340 1033 365 warlus
1542 333 1610 367 1:35

122 429 423 473 thesaurarius
461 429 616 470 nolens
651 430 903 487 relinquere
936 432 1147 481 seculum,
1178 434 1343 473 tutusu*
1384 449 1404 473 a
1441 433 1611 473 stodilo

122 501 349 559 episcopo,
387 501 702 542 monasterium
745 502 891 543 Sancti
927 502 1207 544 Junianifl'et
1248 503 1475 544 ecclesiam
1519 503 1609 543 Cai-

120 577 368 615 roensem²¹
390 573 709 630 depredatione
726 575 759 604 θ’*
787 590 808 615 a
834 575 933 630 jure
958 575 1105 615 Sancti
1128 574 1342 616 Martialis
1371 575 1607 631 subripuit,

121 654 164 687 et
185 645 266 687 hac
289 644 520 686 occasione
543 645 793 687 desciscere
823 646 941 688 fecit.
968 647 1089 688 Tunc
1133 647 1282 688 Sancti
1311 647 1489 688 Martini
1525 663 1610 687 mo-

120 716 250 758 nachi
273 717 571 767 Turonenses,
597 716 773 758 nemine
807 726 1010 777 cogente,
1048 726 1147 759 ante
1194 734 1354 775 corpus
1395 717 1607 774 ejusdem,

120 789 292 845 abjecto
316 788 520 829 monachi
543 798 750 839 scemate,
777 805 920 830 scema
954 789 1143 830 induunt
1183 789 1504 839 canonica102*;
1535 789 1611 830 scd

120 859 276 901 moxin
288 858 351 900 eis
368 859 644 916 pestilentia²
666 860 812 911 irruit,
832 869 878 901 ut
894 876 976 901 una
997 870 1123 902 nocte
1146 877 1298 902 omnes
1316 870 1607 905 morerentur,

120 939 163 972 et
179 930 231 972 de
255 930 392 972 relico
414 947 436 972 a
458 931 682 972 canonicis
706 931 800 988 ipse
824 932 1046 973 habitatur
1070 932 1206 973 locus.
1233 933 1438 974 Carolus³
1467 941 1608 973 autem

117 1001 255 1043 tercia
275 1002 368 1043 vice
391 1002 665 1044 Britanniam
681 1002 775 1062 igni
799 1011 840 1044 et
857 1002 973 1044 serro
995 1003 1191 1044 vastavit.
1211 1004 1265 1044 Et
1283 1004 1384 1044 dum
1408 1002 1450 1043 in
1479 1002 1610 1059 Aqui-

118 1074 280 1115 taniam
310 1091 540 1134 regressus
570 1084 701 1125 esset,
732 1074 1001 1116 Nomenoius
1024 1074 1126 1124 dux,
1152 1075 1355 1116 Rcdonas
1390 1073 1608 1115 civitatem

119 1155 161 1187 et
181 1146 394 1188 Nannetis
423 1146 619 1203 capiens,
645 1146 865 1187 destruxit
893 1148 1018 1197 eas'’*,
1036 1155 1078 1187 et
1100 1146 1372 1187 Britanniam
1409 1145 1604 1202 repedat.

119 1217 247 1259 Anno
271 1217 492 1275 sequenti,
514 1217 699 1274 jubente
723 1219 832 1267 Deo,
858 1218 911 1258 ab
939 1217 1097 1277 angelo
1138 1232 1390 1274 percussus,
1421 1215 1604 1257 interiit.

117 1289 172 1330 Et
188 1289 370 1330 Carolus
398 1289 555 1330 Calvus
577 1298 735 1346 quarto
766 1288 1040 1330 Britanniam
1075 1288 1319 1348 ingressus,
1357 1304 1453 1329 curn
1492 1287 1607 1328 Eris-

116 1359 235 1415 poio,
270 1359 361 1400 filio
399 1360 631 1405 Nomenoi,
670 1358 931 1400 dimicavit⁰*
959 1369 1001 1400 ct
1040 1359 1178 1400 victor
1207 1358 1366 1403 extitit,
1408 1358 1483 1398 sed
1525 1375 1606 1399 ma-

117 1446 245 1490 gnam
268 1440 438 1487 partem
469 1431 688 1472 exercilus
712 1431 778 1471 sui
815 1446 912 1471 cum
934 1431 1117 1473 Viviano
1145 1431 1253 1471 duce
1283 1430 1485 1470 a1nisit‘1'.

173 1503 228 1543 Et
271 1503 474 1560 sequenti
514 1519 644 1553 anno,
683 1503 945 1553 Lanbertus,
989 1518 1135 1543 comes
1181 1502 1543 1553 Nannetansium,
1584 1519 1606 1544 a

116 1575 382 1625 Gauzberto,
409 1574 841 1615 Cenomannensium
865 1573 1093 1625 comite,in
1117 1574 1273 1615 belloe*
1296 1573 1526 1615 occiditur.
1553 1575 1607 1615 Et

116 1647 299 1688 Carolus
341 1646 494 1704 quinta
533 1646 626 1687 vice
669 1646 943 1688 Britanniam
996 1646 1250 1696 devastavit,
1306 1655 1348 1687 et
1400 1646 1604 1702 I‘ipinum

115 1726 324 1774 nepotem
375 1733 500 1758 suum
513 1718 541 1740 s*
587 1717 844 1774 adquirens,
882 1717 1155 1758 Britanniam
1206 1716 1290 1757 sibi
1337 1717 1601 1776 subjugavit,

114 1788 261 1830 occiso
288 1788 513 1845 Erispoio.
545 1788 817 1830 Rannulsus⁴
846 1805 1037 1846 quoque,
1069 1804 1216 1829 comcs
1250 1788 1537 1838 Pictavensis,
1564 1797 1603 1829 ct

113 1859 270 1911 Raino,
296 1876 443 1901 comes
465 1860 820 1910 Arbatilicensis,
843 1861 1198 1919 consanguineus
1221 1862 1331 1917 ejus,
1369 1877 1465 1901 cum
1499 1862 1604 1901 Nor-

114 1931 287 1973 mannis
310 1931 354 1972 in
383 1931 599 1973 Briliaco⁵
629 1931 730 1973 villa
758 1931 1036 1982 dimicantes,
1076 1932 1213 1991 fugati
1243 1941 1359 1983 sunt,
1398 1941 1440 1973 et
1468 1933 1602 1973 Gauz-

151 2099 207 2136 u*)
239 2099 430 2129 conductus
453 2098 489 2129 C.
511 2117 551 2122 —
582 2099 616 2139 v)
644 2099 847 2130 Sti-Juliani
876 2099 911 2133 F.
935 2099 975 2131 G.
1001 2118 1038 2121 —
1062 2099 1094 2139 x)
1129 2099 1350 2129 Cairocnsam
1377 2102 1416 2130 A.
1439 2100 1544 2140 —)'*>
1570 2105 1602 2131 ct

111 2142 203 2171 malo
224 2140 364 2182 ingenio
385 2152 404 2171 a
426 2140 503 2181 jure
527 2146 561 2171 et
581 2141 734 2171 dominio
769 2141 804 2172 C.
827 2158 866 2164 ·—-
887 2142 935 2180 z*)
978 2141 1206 2171 sacramentis
1234 2142 1296 2171 hoc
1328 2143 1464 2171 firmato
1498 2152 1601 2182 super

109 2194 237 2223 corpus
258 2183 350 2213 beati
373 2182 525 2213 Martini.
551 2183 591 2212 Et
622 2183 787 2213 carnibus
813 2183 943 2217 resecti.
982 2194 1059 2213 mox
1080 2188 1175 2224 peste
1196 2183 1363 2223 corrupti,
1390 2194 1488 2213 manc
1511 2184 1600 2213 sacto

110 2224 144 2254 in
160 2225 258 2254 lectis
283 2225 410 2254 mortui
430 2229 510 2254 sunt
528 2225 655 2265 reperti
677 2236 795 2254 omnes
818 2236 836 2254 a
853 2225 982 2265 majore
994 2225 1036 2254 ad
1054 2225 1234 2257 minorem.
1254 2229 1286 2254 ct
1306 2225 1478 2255 ‹10...‹1(ld.
1503 2226 1540 2256 (Σ.
1562 2243 1599 2248 —-

111 2267 210 2306 a)per
225 2268 307 2297 A.-
326 2267 382 2306 }›*)
406 2277 522 2296 muros
546 2271 578 2296 et
595 2270 715 2307 portas
737 2277 855 2296 corum
873 2267 957 2297 C.—
973 2268 1024 2303 c*)
1046 2274 1094 2296 ΧΓ
1111 2267 1178 2296 kal.
1198 2267 1383 2306 septembr.
1403 2266 1481 2295 add.
1507 2267 1542 2297 C.
1561 2284 1600 2290 —

111 2307 166 2343 (Ρ)
196 2308 384 2349 Postquam
414 2319 494 2338 vcro
522 2319 681 2338 reversus
711 2312 764 2337 cst
799 2308 835 2339 C.
872 2326 909 2330 —
928 2309 977 2347 c*)
1000 2308 1068 2339 kal.
1100 2308 1194 2339 maii.
1219 2309 1342 2337 liffliom
1371 2319 1460 2337 anno
1486 2319 1599 2337 menso.

113 2350 302 2390 septembri
325 2350 512 2381 Carolus...
539 2349 620 2379 add.
639 2343 721 2381 C.'—
745 2350 789 2390 f*)
809 2361 910 2391 quem
937 2349 1075 2379 insidiis
1092 2349 1248 2379 Britanni
1262 2354 1447 2389 coeperant
1462 2350 1540 2379 add.
1560 2351 1596 2380 C.

151 2581 180 2610 1.
197 2579 386 2613 St-Junien,
403 2590 472 2609 arr.
484 2579 524 2608 de
540 2578 980 2618 Rocl1ochouart(vienno).
996 2596 1031 2600 —-
1044 2577 1210 2611 Stodilus,
1227 2579 1354 2617 oreque
1369 2577 1409 2606 do
1426 2577 1594 2618 Limoges,

108 2622 166 2651 841
188 2639 226 2644 —-
241 2632 319 2652 vers
334 2623 404 2651 860.

150 2664 178 2693 2.
205 2662 629 2702 St-Pierre-du-Queroyx.
654 2662 810 2701 paroisse
831 2662 872 2691 de
894 2663 1062 2700 LimogeS.

149 2706 178 2734 3.
205 2706 307 2734 Toute
323 2704 355 2733 la
370 2705 418 2744 fin
438 2704 479 2733 (Ie
495 2715 530 2733 ce
546 2703 768 2745 paragraplte
790 2707 837 2733 est
851 2704 917 2734 lt're'
936 2701 1163 2733 desquama-s
1183 2702 1330 2743 [lnquit.
1356 2703 1446 2732 ainsi
1468 2714 1530 2743 qne
1550 2702 1595 2733 les

109 2746 284 2776 additions
304 2746 346 2775 de
368 2748 394 2776 C
410 2746 458 2781 θ’,
475 2745 517 2775 d*
543 2749 574 2775 et
594 2745 639 2774 e*.

149 2788 177 2817 4.
203 2787 371 2817 Rannulfe
393 2788 418 2823 Ι,
435 2792 545 2817 comte
566 2787 606 2817 de
629 2786 784 2821 poitiers,
802 2788 955 2817 839-867.

149 2830 180 2860 5.
202 2828 343 2866 Brillac,
365 2840 393 2859 c.
417 2830 457 2860 de
479 2828 597 2864 Chaix,
621 2839 690 2858 arr.
714 2829 754 2859 de
773 2828 1133 2869 Fontenay-le-Comte
1154 2828 1324 2869 (Vende'c).

1729 1017 1780 1041 850

1727 1221 1776 1247 851
