1908 3256
694 332 922 357 Aviuzxmmz
1479 325 1552 360 207

63 418 112 454 de
131 425 264 454 castro
287 417 463 455 Rosiaco
486 426 523 455 et
545 418 619 455 hoc
643 420 774 457 scelus
798 430 1135 471 perpetraverunt
1154 437 1225 473 por
1248 425 1333 460 dios
1355 425 1545 462 Paschae.

65 482 164 520 Post
186 491 268 520 tres
290 497 386 520 vero
409 485 653 521 ebdomadas
692 499 882 523 reversus
920 486 1169 527 XYillelmus,
1213 504 1347 525 comes
1386 490 1549 539 ligolis-

64 548 231 594 mensis,
256 562 277 585 a
299 549 441 594 Roma,
465 550 626 586 obsedit
648 560 824 587 castrum
856 552 1124 589 Martiliacum
1161 568 1235 590 unzi
1259 568 1345 590 rum
1371 555 1547 592 ⁴ilduino

63 613 144 650 filio
167 627 256 659 suo,
281 614 478 652 accersito
502 628 637 652 secum
656 616 696 653 in
719 617 866 652 auxilio
883 617 1091 654 willelmo
1112 619 1434 670 d11‹·1*,‹·t,‹‘;11›l()
1457 635 1547 657 cas-

63 686 142 725 tro,
166 678 286 716 vitam
306 687 343 716 ct
366 681 543 716 membra
565 680 622 717 cis
645 682 864 726 concessit,
889 683 959 718 scd
977 683 1084 719 omni
1108 682 1260 720 honore
1285 699 1352 720 vos·
1378 686 1552 735 privavit

64 752 102 781 et
123 753 299 782 castrum
321 745 452 796 ipsum
475 746 677 783 destruxit
698 755 735 783 et
752 747 910 784 demum
934 748 1244 788 reedilicavihet
1261 749 1436 786 Alduino
1459 765 1555 787 ‹wu-

66 809 116 847 lis
140 810 304 848 multato
327 811 544 848 Rosiacum
568 820 743 848 castrum
766 813 983 850 concessit.

124 876 183 913 Eo
216 885 398 927 tempore
438 876 783 927 ipse-XYillelmus
820 891 894 928 per
934 877 1159 929 Bajoariarn
1201 881 1429 930 sepulcrum
1474 881 1557 917 Do-

68 942 165 979 mini
193 942 305 987 adiit,
334 942 440 979 unde
466 956 672 987 reversus,
707 943 797 993 ipso
819 956 939 987 anun,
971 954 1184 994 correptus
1214 945 1394 994 langore,
1426 946 1558 983 lauda-

65 1008 136 1045 bili
153 1007 346 1045 memoria
367 1007 407 1044 in
426 1021 526 1058 pace
550 1008 717 1058 quievit,
738 1008 922 1060 sepultus
945 1009 984 1045 in
1002 1010 1202 1046 domimica
1224 1011 1368 1061 palmis
1393 1011 1430 1047 in
1455 1012 1557 1048 hasi-

65 1073 141 1111 lica
161 1073 267 1111 beati
299 1073 493 1124 Eparchii
527 1073 594 1110 ubi
619 1082 789 1124 quatuor
810 1082 947 1124 patres
971 1074 1005 1111 ei
1028 1075 1209 1112 tumulati
1239 1084 1345 1114 sunt.
1370 1076 1559 1114 videlicet

65 1138 285 1182 Arnaldus‚
303 1138 554 1183 XVillelmus5
570 1137 772 1175 Alduinus
797 1147 834 1176 et
852 1138 1092 1190 vulgrinus,
1118 1148 1155 1176 et
1175 1154 1264 1177 mox
1287 1154 1361 1191 pro
1381 1155 1426 1177 eo
1449 1142 1557 1191 prin-

65 1205 239 1255 cipatum
259 1203 493 1255 Egolismae
515 1204 691 1255 optinuit
710 1204 816 1241 filius
840 1203 941 1255 ejus,
967 1205 1113 1242 litteris
1149 1214 1185 1242 et
1222 1206 1343 1242 armis
1367 1207 1555 1243 ‹:‹1;›‹:u1s¹

65 1270 347 1308 nobilissimus
370 1278 408 1307 et
429 1269 758 1321 gloriosissimus
780 1271 953 1307 doninus
977 1270 1193 1315 Alduinus,
1218 1285 1322 1307 anno
1343 1271 1558 1308 millesimo

64 1340 214 1373 xxvnl⁰
246 1336 293 1372 ab
325 1335 601 1373 incarnatione
622 1335 802 1381 Domini,
833 1335 895 1373 cui
924 1344 985 1372 est
1007 1336 1138 1386 gloria
1160 1336 1198 1373 iu
1229 1337 1388 1373 saecula
1418 1350 1559 1374 saccu-

65 1401 212 1449 lorum,
235 1414 365 1439 amen.

614 1585 693 1623 Fos
720 1586 769 1623 55
791 1599 828 1623 v.
855 1593 893 1622 et
921 1586 970 1622 56
987 1582 1016 1621 2.

124 1754 175 1792 Et
214 1754 488 1806 Aquitaniam,
539 1753 715 1805 plurima
758 1751 871 1804 juxta
912 1752 1150 1790 maritimam
1201 1766 1310 1789 oram
1367 1753 1470 1789 dona
1519 1753 1558 1789 in

67 1821 266 1858 reditibus
306 1828 506 1858 terrarum
539 1820 589 1856 ad
623 1819 779 1870 copiam
813 1819 943 1856 victus
979 1826 1016 1855 et
1042 1818 1213 1855 vestitus
1243 1831 1454 1855 servorum
1484 1817 1559 1854 Dei

66 1886 282 1939 delegavit.
307 1886 500 1924 Fulberto
524 1898 686 1937 quoque
710 1884 908 1935 sapientia
937 1884 1053 1922 valde
1075 1892 1216 1921 ornato
1240 1883 1435 1934 episcopo
1459 1883 1560 1921 Car-

65 1952 243 1999 notensi,
266 1965 342 1999 pro
358 1952 594 1990 reverencia
609 1950 894 2002 philosophiae
918 1949 1020 2001 ejus,
1036 1963 1056 1986 a
1073 1949 1243 1987 Francia
1265 1950 1313 1986 ad
1330 1962 1373 1986 sc
1393 1957 1558 1986 evocato

65 2018 359 2056 thesaurariam
382 2017 519 2056 Sancti
544 2016 689 2055 Hilarii
711 2016 839 2068 gratis
857 2015 1000 2053 tribuit
1017 2023 1054 2052 et
1087 2028 1244 2053 summo
1275 2014 1429 2052 honore
1468 2028 1556 2052 eum

66 2083 256 2121 excoluit.

119 2149 347 2201 Regulares
369 2149 534 2187 abbates
557 2156 596 2186 et
616 2147 835 2185 monachos
856 2146 1028 2184 maximo
1047 2146 1190 2183 affectu
1212 2145 1362 2182 amoris
1382 2144 1560 2195 amplec-

66 2216 240 2261 tebatur‚
259 2223 297 2253 et
318 2215 491 2253 consilio
511 2228 650 2252 eorum
672 2213 884 2251 utilitatem
914 2212 1031 2263 regni
1065 2211 1348 2248 administrare
1377 2211 1556 2248 curabat.

67 2280 184 2319 Unde
199 2290 237 2320 et
255 2282 447 2319 domnum
461 2280 694 2325 Odilonem‚
712 2280 895 2316 abbatem
913 2277 1196 2315 Cluniaccncis
1211 2275 1411 2320 coenobii,
1425 2275 1560 2326 copio-

68 2347 124 2385 sis
147 2348 384 2385 muneribus
416 2347 494 2384 sibi
516 2345 692 2392 attraxit,
718 2344 1013 2395 contemplatus
1036 2343 1075 2379 in
1099 2356 1145 2379 eo
1173 2355 1313 2379 verum
1336 2340 1411 2377 Dei
1444 2340 1560 2377 habi-

66 2413 241 2451 taculum
262 2413 303 2450 in
322 2427 402 2465 quo
420 2412 599 2464 Spiritus
617 2418 780 2448 sanctus
793 2409 1087 2460 requiesceret,
1103 2416 1141 2445 et
1157 2406 1350 2444 coenobia
1365 2405 1559 2443 nonnulla

68 2493 162 2517 suae
185 2479 352 2517 ditionis
375 2477 462 2530 ejus
484 2476 721 2528 magisterio
744 2473 1052 2513 commendavit.
1080 2473 1191 2510 Fecit
1213 2472 1317 2509 idem
1346 2472 1425 2508 dux
1447 2470 1558 2508 Wil-

67 2545 211 2583 lelmus
231 2558 369 2583 anovo
388 2543 629 2582 coenobium
651 2542 796 2593 ingens
818 2540 1094 2583 Malliacense,
1120 2538 1158 2575 in
1182 2537 1390 2575 territorio
1422 2536 1559 2574 Picta-

66 2611 198 2648 vensi.
218 2610 398 2662 Itemque
421 2609 529 2647 aliud
550 2608 766 2645 maximum
782 2606 1021 2644 coenobium
1048 2603 1318 2655 Borgoliense
1341 2602 1380 2639 in
1404 2601 1558 2652 cespite

112 2748 140 2778 1.
162 2747 225 2777 Ces
248 2751 370 2788 quatre
392 2750 481 2775 mots
498 2748 576 2774 sont
596 2755 636 2774 en
657 2743 854 2783 interligne.
1312 2779 1317 2784 ¹

109 2789 138 2819 2.
162 2789 223 2819 Les
253 2791 416 2818 numeros
434 2787 499 2817 mis
526 2786 569 2816 ici
592 2797 632 2815 en
654 2796 773 2825 margo
797 2796 837 2814 ne
858 2787 1007 2824 peuvcnt
1027 2781 1138 2812 servir·
1159 2781 1236 2820 qu‘ii
1262 2779 1395 2818 guider,
1419 2788 1478 2806 car
1503 2777 1552 2806 les

68 2830 269 2861 differences
291 2841 373 2862 avec
390 2830 420 2860 le
435 2832 524 2859 texte
545 2827 720 2868 principal
744 2825 971 2856 sontinfinies
993 2834 1080 2864 pour
1099 2823 1231 2861 chaque
1252 2820 1490 2861 paragrapho.
