1908 3256
649 311 769 336 LIBER
799 311 975 336 TERTIUS
1482 304 1554 341 173

66 399 120 441 de
143 399 343 441 martirio
366 399 506 440 sancti
541 399 781 449 Theodori,
814 401 938 456 cujus
973 400 1186 441 festivitas
1210 401 1305 458 ipso
1329 402 1398 443 die
1419 403 1428 431 ¹
1453 419 1556 461 agc-

66 472 210 512 batur.
235 472 322 512 Per
351 470 446 512 dies
476 479 644 526 septem
678 471 858 512 indutus
892 472 1111 528 processit
1139 472 1249 513 stola
1287 474 1555 515 sanctificata

68 542 486 584 cumindumentisu
509 551 549 583 et
573 558 711 598 cappa
744 544 956 593 Romana,
983 544 1148 600 absque
1172 544 1390 600 capsula‘'‚
1417 554 1455 585 et
1482 562 1558 602 per

69 613 247 655 eosdem
282 613 516 654 continuos
563 613 657 654 dies
691 613 899 654 missam¹
937 614 1175 655 celebravit
1191 623 1218 654 θ’.
1264 616 1384 656 Tunc
1425 617 1558 657 abbas

69 684 303 727 Gosfridus
326 685 553 726 basilicam
582 685 777 744 regalem
802 685 957 742 majori
980 702 1114 742 opere
1149 686 1294 742 coepit
1329 703 1554 728 renovare.

70 756 419 817 Quadragesima
449 772 552 797 vero
583 757 726 797 media
752 773 849 798 cum
880 757 1109 798 nocturnis
1137 757 1300 816 vigiliis
1325 759 1560 800 multitudo

70 826 257 868 maxima
287 826 332 867 in
355 826 540 874 eandem
569 826 711 867 aulam
743 827 795 868 ad
826 827 1044 868 tumulum
1073 828 1189 869 beati
1218 829 1438 870 Marcialis
1464 846 1560 886 pro-

69 907 276 955 perantes
331 897 567 948 intrarent,
617 898 700 938 viri
742 915 839 939 cum
882 899 1142 940 mulieribus
1185 899 1282 956 plus
1327 917 1347 940 L
1374 901 1561 942 invicem

69 969 317 1011 conculcati
357 969 474 1010 intra
496 969 729 1010 ecclesiam
759 969 1086 1026 expiraverunt,
1113 979 1154 1011 et
1183 971 1252 1011 die
1276 972 1464 1013 crastina
1494 988 1562 1012 se-

70 1041 183 1098 pulti
216 1050 334 1082 sunt.
372 1041 622 1098 Episcopus
659 1042 877 1083 Geraldus
912 1043 1095 1083 Romam
1125 1043 1313 1093 abierat3
1354 1043 1452 1084 ideo
1485 1060 1562 1100 per

69 1112 314 1155 Arnaldum
339 1112 524 1153 missum
549 1122 615 1153 est
632 1113 908 1170 episcopum,
942 1114 1045 1171 quiz
1064 1130 1161 1155 cum
1184 1131 1294 1171 aqua
1323 1115 1564 1172 episcopali

70 1184 304 1225 ecclesiam
326 1184 649 1225 reconciliavit.
681 1186 818 1226 Paulo
842 1194 941 1241 post
964 1185 1105 1227 exorti
1141 1195 1241 1227 sunt
1270 1202 1347 1243 per
1381 1186 1564 1243 Aquita-

72 1255 189 1297 niam
217 1255 456 1306 Manichei,
483 1255 746 1297 seducentes
775 1256 967 1313 plebem.
989 1258 1217 1315 Negabant
1234 1258 1499 1314 baptismum
1524 1266 1566 1298 et

73 1343 249 1368 crucem
272 1336 315 1368 et
337 1327 556 1385 quidquid
576 1344 705 1369 sanae
722 1328 950 1369 doctrinae
974 1337 1055 1369 est.
1080 1328 1367 1369 Abstinentes
1389 1345 1410 1369 a
1434 1329 1560 1375 cibis,

73 1399 198 1456 quasi
234 1399 438 1440 monachi
472 1400 746 1456 apparebant
788 1408 830 1440 01
870 1399 1117 1440 castitatem
1164 1400 1444 1444 simulabant,
1488 1399 1564 1440 sed

70 1469 187 1510 inter
215 1485 259 1510 se
282 1469 403 1526 ipsos
431 1486 607 1511 omnem
637 1470 852 1511 luxuriam
889 1471 1169 1519 exercebant,
1197 1479 1238 1511 ct
1272 1470 1421 1511 nuncii
1444 1469 1564 1510 Anti-

70 1541 228 1582 christi
250 1551 391 1592 erant,
411 1541 662 1599 multosque
686 1559 707 1583 a
730 1542 813 1583 fide
838 1542 1086 1583 exorbitare
1109 1541 1324 1582 fecerunt.

129 1613 198 1658 50.
244 1640 302 1645 —
334 1614 420 1654 Per
454 1614 537 1655 1100
584 1623 760 1670 tempus
800 1613 1068 1663 XVillelmus,
1116 1613 1380 1671 cognomine
1422 1613 1565 1653 Bucca

71 1694 218 1736 uncta,
256 1701 404 1727 comes
445 1686 786 1726 Matisconensis
802 1691 831 1735 ⁰,
870 1685 1098 1726 castellum
1129 1684 1373 1725 aedificavit
1414 1692 1565 1724 contra

73 1756 365 1798 Cluniacense
412 1756 731 1798 monasterium
774 1765 958 1813 propter
999 1755 1297 1813 superandum
1336 1756 1565 1812 Ilugonem

73 1829 279 1870 comitem
297 1829 326 1869 ².
371 1830 459 1870 Pro
493 1845 577 1886 qua
618 1845 664 1870 re
700 1845 799 1870 eum
835 1828 981 1869 divina
1021 1844 1207 1869 censura
1242 1826 1477 1884 percussit,
1523 1834 1569 1866 ut

73 1900 194 1942 nullo
223 1901 353 1942 modo
376 1901 588 1957 deinceps
609 1910 788 1957 ereptus
812 1916 1012 1960 gressum
1046 1908 1215 1959 ageret.
1256 1900 1310 1939 Et
1333 1897 1484 1954 paucis
1507 1897 1569 1938 in-

73 1972 303 2028 terpositis
321 1971 495 2023 diebus,
522 1973 649 2032 Hugo
673 1988 820 2013 comes
844 1971 991 2012 subito
1015 1971 1160 2027 ipsum
1178 1978 1368 2010 castrum
1391 1968 1430 2010 1-1
1454 1968 1571 2025 cepit

73 2052 204 2100 atque
227 2044 321 2085 solo
338 2043 584 2101 coequavit.
610 2042 830 2084 Defuncto
855 2042 1064 2084 Gossrido
1080 2042 1253 2091 abbate,
1279 2042 1405 2100 Hugo
1422 2040 1461 2081 ei
1478 2055 1570 2081 suc-

114 2193 148 2231 u)
170 2203 249 2223 cum
270 2192 398 2233 quibus
424 2191 627 2222 benedictus
651 2193 776 2223 suerat.
799 2191 885 2222 add.
912 2191 947 2221 C.
970 2208 1010 2214 —
1035 2191 1067 2227 γ’)
1089 2189 1223 2220 colobio
1256 2194 1369 2219 tamen
1395 2193 1425 2218 et
1453 2188 1571 2218 casula

74 2233 110 2264 C.
133 2252 174 2256 —-
196 2235 230 2272 x)
252 2245 314 2275 per
341 2234 526 2264 stationem
547 2233 645 2263 urbis
668 2233 794 2263 missas
830 2234 866 2264 C.
893 2251 930 2255 --
952 2234 986 2272 y)
1008 2232 1081 2262 Non
1103 2232 1266 2262 debemus
1286 2230 1570 2270 praetermittere,

73 2275 155 2316 quia
175 2286 236 2316 per
258 2286 300 2305 xv
320 2275 393 2305 dies
415 2275 596 2305 altercatio
628 2275 692 2305 suit
713 2275 863 2305 Pictas-is
885 2285 948 2315 pro
977 2285 1027 2308 00,
1051 2273 1367 2303 contradicentibus
1399 2271 1572 2312 episcopis

73 2317 249 2350 omnibus,
276 2328 343 2347 11011
360 2328 435 2347 0550
457 2316 700 2346 auctoritatem
723 2320 880 2357 patrum,
900 2315 1136 2345 ordinationes
1166 2314 1336 2353 graduum
1360 2313 1403 2342 al)
1430 2313 1573 2342 ostiario

76 2369 185 2399 usque
207 2359 251 2388 ad
272 2358 508 2399 presbiterum
523 2358 597 2388 fieri
620 2358 757 2391 debere,
782 2358 849 2387 nis-i
867 2369 928 2398 per
941 2357 1072 2398 jejunia
1097 2360 1246 2396 quatuor
1265 2359 1457 2394 temporum
1492 2353 1572 2383 anni

75 2404 108 2430 et
135 2404 207 2430 tota
241 2400 515 2441 quadragesima
548 2410 610 2440 per
637 2399 710 2428 dies
740 2399 939 2429 albatorum
962 2409 1070 2438 usque
1092 2398 1124 2427 in
1148 2397 1297 2437 palmis:
1328 2397 1385 2425 sed
1414 2396 1573 2425 voluntas·

76 2441 239 2472 Willelmi
267 2442 364 2472 ducis
390 2441 597 2482 praevalens
631 2440 875 2471 auctoritatem
897 2440 1051 2470 debitam
1072 2440 1230 2479 oppllare
1262 2448 1328 2467 non
1356 2437 1484 2468 timuit.
1512 2437 1574 2466 Per

75 2482 139 2513 hos
160 2483 233 2514 dies
261 2484 443 2514 Josfredus
465 2483 504 2513 C.
535 2501 576 2505 —
597 2482 626 2524 z)
649 2486 730 2523 post
755 2482 899 2512 terciam
932 2481 1023 2511 diem
1056 2481 1138 2511 add.
1168 2487 1208 2510 o.
1240 2497 1277 2501 —
1310 2479 1574 2518 11))111115001100

76 2525 168 2565 quod
196 2529 249 2555 est
274 2525 310 2555 in
334 2523 541 2566 Burgundia
564 2524 600 2555 C.

118 2717 149 2750 1.
165 2717 209 2749 Le
229 2719 248 2748 9
265 2716 466 2749 novembre.
1416 2750 1422 2756 ·
1550 2749 1556 2755 Ι

116 2761 147 2790 2.
170 2760 325 2800 Hugues,
354 2760 483 2799 eveque
503 2757 690 2788 d’Auxerre
716 2759 750 2786 et
772 2758 883 2785 comte
905 2754 946 2784 de
979 2753 1110 2786 Chalon
1134 2763 1220 2787 ;son
1260 2751 1463 2782 adver-saite
1490 2751 1575 2780 etan

75 2799 525 2835 Guillaume-Barbe-Sale‚
546 2799 615 2829 l‘un
636 2798 695 2828 des
719 2796 806 2827 trois
821 2800 952 2826 comtes
969 2806 1005 2826 se
1027 2797 1239 2836 partagcant
1260 2793 1354 2823 alors
1376 2792 1510 2822 Macen.

1637 706 1783 734 1017-1018

1683 1629 1748 1657 1013

1688 2060 1753 2087 1019
