1908 3256
691 311 807 336 mnan
839 311 1013 337 Tssu'rws
1522 303 1588 338 151

100 401 270 458 judicio
293 418 370 442 suo
395 400 623 442 meliorem
647 401 796 461 clegit.
823 401 955 442 Namb
974 402 1130 442 Franci
1155 402 1264 443 inito
1287 402 1471 442 consilio
1495 419 1590 442 eum

105 473 318 523 abiciunt,
336 481 377 514 01
394 474 625 532 Hugoncm
640 473 811 521 (lucem,
832 473 1218 530 filium‘Hugonis,
1240 490 1386 531 regem
1406 473 1588 530 eligunt.

106 545 194 585 Hac
216 544 268 586 de
291 560 420 585 causa
433 543 667 600 episcopus
686 544 846 585 montis
862 544 1177 590 Leudenensis,
1195 545 1441 589 Ascolinus,
1465 544 1592 584 ebdo-

106 614 230 656 mada
259 614 416 671 majori
439 623 538 655 ante
563 614 746 659 Pascha,
778 614 821 654 in
857 631 939 671 qua
976 624 1040 655 est
1082 631 1188 655 cena
1228 615 1422 659 Domini,
1466 614 1593 654 velud

105 686 237 728 Judas
260 686 503 735 Christum,
530 695 571 727 et
599 686 692 742 ipse
709 686 891 727 tradidit
916 687 1137 727 Carolum.
1165 686 1248 738 Qui
1271 686 1519 727 Aurelianis
1550 686 1593 726 111

105 773 283 799 01110010
305 766 454 798 11115115
477 757 687 813 adusque
705 766 907 806 mortem,
937 756 999 797 ibi
1041 757 1192 816 genuit
1232 757 1345 797 filios
1387 757 1594 797 lx'arolum

106 839 148 871 ct
169 828 455 878 Ludovicum,
487 837 756 875 etssmortuus
780 837 872 878 est:
901 837 942 869 01
977 828 1148 884 expulsi
1189 837 1289 869 sunt
1329 828 1407 869 filii
1441 829 1534 884 ejus
1575 845 1595 868 a

104 901 329 951 Francis¹,
352 900 629 957 profectique
660 909 760 941 sunt
782 899 835 941 ad
862 899 1176 956 imperatorem
1216 901 1513 942 Romanorum
1556 908 1598 941 01

105 973 416 1015 habitaverunt
438 988 535 1013 cum
560 988 626 1012 eo.
649 973 762 1013 Sane
781 971 868 1012 dux
883 971 1222 1028 Aquitanorum,
1239 971 1507 1020 willelmus,
1534 986 1597 1011 rc-

104 1045 298 1103 probans
317 1042 566 1101 nequiciam
591 1044 879 1093 Francorum,
906 1042 1082 1102 Hugoni
1101 1043 1303 1084 subditus
1320 1059 1414 1083 esse
1439 1042 1594 1082 noluit.

104 1116 231 1159 Unde
278 1114 439 1156 factum
475 1124 540 1156 est
580 1124 626 1156 ut
668 1115 809 1174 Ilugo,
855 1114 1050 1155 exercitu
1091 1115 1362 1156 Francorum
1403 1113 1594 1164 admoto,

105 1189 261 1230 urbem
282 1186 474 1228 Pictavis
496 1186 729 1228 obsidione
747 1186 1178 1246 fatigaretDumque
1202 1185 1436 1227 frustratus
1459 1201 1598 1226 reces-

106 1261 252 1311 sisset,
272 1275 370 1301 cum
389 1258 711 1316 Aquitanorum
753 1274 881 1298 manu
898 1257 1149 1300 Willelmus
1167 1257 1392 1298 insecutus
1416 1265 1482 1297 est
1500 1272 1597 1297 eum

105 1348 244 1390 usque
264 1330 486 1391 Legerim.
511 1330 597 1371 Ubi
617 1329 661 1370 in
682 1329 802 1389 gravi
819 1329 1005 1386 praelio2
1029 1329 1308 1370 decertantes
1327 1330 1597 1369 Francorum

106 1413 148 1446 et
175 1403 497 1461 Aquitanorum
517 1401 836 1451 animositates,
864 1400 1000 1442 multo
1030 1400 1243 1459 sanguine
1284 1399 1452 1440 alterna
1492 1398 1597 1439 cede

106 1476 219 1528 suso,
264 1474 518 1532 superiores
565 1472 724 1514 Franci
763 1472 1018 1523 extiterunt,
1071 1481 1113 1513 et
1147 1471 1208 1513 sic
1256 1470 1421 1512 reversi
1479 1479 1595 1511 sunt.

106 1551 266 1591 Pacem
289 1556 443 1605 postea
463 1545 716 1589 XVillelmus
739 1560 836 1585 011111
861 1546 1045 1604 Hugone
1070 1554 1111 1585 et
1135 1543 1223 1584 filio
1255 1544 1348 1599 ejus
1382 1542 1599 1584 Rotberto

107 1620 225 1662 fecit.
254 1620 309 1660 Et
331 1634 408 1659 rex
435 1618 562 1676 Hugo
591 1615 791 1675 cogitans
820 1632 924 1675 erga
947 1632 991 1656 se
1025 1614 1107 1656 Dei
1143 1614 1344 1674 gratiam,
1385 1612 1509 1670 quasi
1543 1612 1599 1653 vi-

106 1708 202 1734 cem
218 1689 486 1748 rependens,
501 1687 707 1729 defensor
723 1687 1095 1728 clementissimus
1112 1686 1323 1728 0001051110
1339 1685 1420 1726 Dei
1437 1684 1596 1726 extitit.

106 1765 214 1806 Nam
231 1764 287 1804 ob
311 1762 423 1803 hanc
443 1775 618 1801 causam
640 1758 836 1800 creditur
878 1758 1116 1819 progenies
1158 1757 1304 1800 Caroli
1346 1757 1595 1813 reprobata,

107 1835 304 1895 quiajam
315 1833 644 1893 diuneglegens
655 1830 737 1872 Dei
755 1830 957 1891 gratiam,
974 1831 1259 1872 ecclesiarum
1270 1829 1416 1886 potius
1428 1827 1599 1887 neglec-

105 1908 193 1951 trix
215 1923 345 1965 quam
368 1905 559 1948 erectrix
574 1904 821 1946 videbatur.
842 1903 966 1945 Beati
983 1918 1089 1963 ergo
1104 1901 1296 1944 Dionisii
1319 1899 1596 1949 coenobium,

107 1980 226 2039 quod
249 1980 340 2036 jam
374 1978 609 2035 pristinam
650 1976 937 2018 monasticam
978 1983 1239 2031 corruperat
1278 1989 1492 2023 normam,
1524 1986 1601 2012 rex

108 2060 236 2118 Hugo
259 2055 454 2117 regulari
481 2055 728 2105 honestate,
756 2053 869 2095 sicut
901 2052 946 2094 in
972 2051 1054 2094 Dei
1100 2051 1238 2092 oculis
1280 2059 1447 2091 rectum
1489 2058 1595 2099 erat,

106 2128 338 2173 honestius
365 2126 628 2170 restauravit
644 2142 723 2184 per
740 2141 893 2167 manus
920 2123 1186 2166 venerabilis
1203 2121 1406 2165 Odilonis
1428 2120 1598 2162 abbatis

151 2287 185 2323 11)
206 2286 293 2317 Nam
317 2284 504 2325 episcopus
532 2282 711 2315 Ascelinus
747 2281 873 2311 montis
911 2279 1142 2310 Leudenensis
1170 2278 1267 2308 urbis
1289 2277 1482 2307 ebdomada
1521 2279 1599 2305 ante

109 2327 243 2360 Pascha
264 2331 345 2368 post
365 2324 563 2356 convivium
596 2324 630 2353 in
666 2324 753 2353 lecto
775 2323 1008 2363 quiescentem
1041 2332 1118 2351 cum
1140 2321 1217 2350 dolo
1251 2319 1352 2360 cepit.
1371 2323 1403 2349 et
1429 2327 1599 2348 consensu

108 2370 355 2412 plurimorum,
377 2368 453 2407 Ego
470 2367 549 2401 dux,
571 2365 665 2396 filius
687 2364 819 2405 Ugonis
842 2363 987 2404 Capetii,
1010 2362 1044 2392 in
1066 2373 1183 2403 regem
1203 2362 1357 2391 elevatus
1378 2364 1439 2389 est.
1463 2361 1504 2389 At
1519 2369 1599 2388 vero

110 2412 255 2445 Carolus
270 2410 306 2441 in
322 2419 460 2440 carcere
481 2418 591 2448 usque
613 2407 655 2437 ad
671 2411 818 2436 mortem
834 2410 986 2436 retentus
1008 2409 1060 2435 cst
1075 2403 1285 2439 Aurelianis,
1308 2402 1367 2432 ubi
1384 2401 1501 2442 genuit
1522 2400 1598 2432 C.—

110 2455 140 2495 c)
161 2453 256 2484 filius
276 2452 314 2484 Α.

113 2560 1594 2579 ————.—,.—-..———-——-—-—-

154 2645 183 2675 1.
210 2643 255 2674 Ce
277 2642 340 2673 fait
357 2643 450 2673 n'eut
470 2642 538 2673 lieu
555 2642 717 2682 qu'apres
744 2641 835 2674 1008,
866 2638 1006 2670 suivant
1033 2638 1070 2668 D.
1095 2638 1252 2677 Bouquet
1285 2635 1341 2676 qui
1368 2633 1524 2675 s'appuie
1543 2643 1602 2663 sur

111 2697 178 2718 une
198 2686 317 2716 charte
337 2695 427 2725 pour
448 2685 534 2715 faire
554 2687 640 2713 cette
661 2682 864 2712 correction.

155 2729 184 2758 2.
206 2726 380 2757 Flodoard
410 2726 510 2767 place
549 2736 586 2756 ce
624 2724 765 2754 combat
799 2734 839 2753 en
878 2724 937 2752 955
969 2726 1002 2752 et
1034 2731 1170 2751 nomme.
1215 2729 1345 2748 comme
1384 2715 1602 2747 adversaires

113 2767 461 2815 Hugue's-le-Gran-d,
481 2769 562 2815 pere
583 2766 759 2806 d'Hugues
793 2764 912 2805 Capet,
935 2768 968 2795 et
1006 2762 1199 2796 Guillaume
1222 2761 1302 2791 Tete
1323 2759 1499 2798 d'Etoupe‚
1522 2758 1603 2797 pere

114 2811 160 2841 du
184 2810 382 2842 Guillaume
400 2811 466 2839 cite
485 2819 540 2839 1c1.

1644 711 1705 740 (111,

1720 710 1736 735 ’2
1756 710 1833 736 avril

1719 2133 1752 2159 99
1757 2133 1770 2159 ’Δ
