1908 3256
270 258 316 295 sil}
795 272 978 297 ADRMAR!
1012 272 1253 296 (tunoxlcox

274 383 288 398 u
327 363 457 415 l’crgc
515 363 709 401 velociter
748 363 919 399 festinus
955 375 1043 398 cum
1097 362 1207 398 crine
1255 363 1401 414 capitis
1447 364 1523 401 mei
1559 378 1665 402 nunc
1721 367 1771 403 ad

275 447 290 464 α
325 438 479 480 patrem
502 442 648 469 meum,
675 437 966 479 succurratquc
989 428 1107 464 nobis
1130 436 1345 479 antequam
1369 438 1540 468 cunctus
1561 431 1765 469 exercitus

276 514 291 530 κ
325 505 499 534 corruat.
528 512 544 530 »
570 495 647 543 Qui
675 493 871 532 velociter
913 494 1091 531 cucurrit
1114 502 1151 531 et
1186 495 1421 533 Ardennam
1457 496 1615 543 silvam,
1641 511 1771 548 usque

274 561 437 598 fluvium
459 562 568 599 venit
583 567 611 608 0,
637 561 704 599 ubi
729 559 934 598 Clotarius
964 572 1035 596 rex
1056 572 1146 596 cum
1169 561 1349 598 exercitu
1372 561 1550 612 plurimo
1570 575 1773 614 pervene-

275 636 347 664 rat.
373 626 555 678 Cumque
589 627 741 664 crinem
782 625 852 662 filii
893 625 953 662 sui
978 625 1012 662 ei
1050 625 1316 672 ostendisset,
1359 626 1426 664 ille
1460 627 1585 664 nimio
1626 627 1771 665 dolore

276 703 514 739 commotus,
539 707 627 731 cum
651 693 824 745 strepitu
846 693 1032 730 tubarum
1056 692 1104 729 de
1126 701 1243 730 nocte
1261 705 1535 745 consurgens,
1554 707 1644 731 cum
1656 706 1775 732 exer-

276 760 354 797 citu
379 760 559 797 llrenum
582 760 758 806 transiit,
796 767 833 796 et
855 759 894 796 in
926 759 1118 796 auxilium
1139 757 1210 797 filii
1252 759 1315 796 sui
1357 759 1531 797 festinus
1573 761 1773 812 pervenit.

277 825 460 877 Cumque
483 825 602 863 simul
625 824 828 876 conjuncti
851 830 865 852 P
899 825 938 861 in
959 838 1082 862 unum
1105 824 1223 861 hilari
1246 825 1369 862 corde
1392 826 1580 863 manibus
1603 825 1775 877 plaude-

277 900 380 938 rent,
402 904 527 943 super
548 890 692 928 Visera
707 891 871 928 ssuviuni
888 892 1118 937 tendentes,
1139 891 1314 928 fixerunt
1328 891 1518 929 tentoria.
1538 891 1774 937 Bertaldus‚

277 958 357 995 dux
380 956 649 1003 Saxonorum,
691 971 738 994 ex
760 956 836 993 alia
858 965 972 1007 parte
995 957 1083 1007 ripe
1106 955 1225 1007 hujus
1248 956 1427 994 fluminis
1452 958 1583 995 stabat
1603 966 1770 1008 paratus

278 1024 326 1060 ad
354 1022 545 1074 placitum
588 1031 629 1060 ut
669 1023 717 1060 ad
759 1036 937 1073 pugnam
979 1022 1236 1073 procederet.
1279 1021 1463 1060 Audiens
1495 1031 1627 1060 autem
1664 1022 1772 1060 hunc

279 1088 491 1127 tumultum
514 1088 672 1139 populi,
697 1088 976 1139 interrogabat
1001 1087 1099 1138 quid
1122 1087 1196 1125 hoc
1220 1097 1343 1126 esset.
1365 1087 1418 1126 At
1439 1088 1496 1125 illi
1519 1089 1777 1140 responden-

278 1164 338 1193 tes
362 1156 552 1193 dixerunt
577 1169 583 1190 :
613 1171 628 1189 «
655 1154 840 1192 Domnus
866 1154 1098 1193 Clotharius
1115 1167 1187 1191 rex
1204 1155 1330 1202 venit,
1349 1163 1387 1193 et
1408 1156 1459 1192 ob
1482 1154 1557 1192 hoc
1579 1155 1780 1193 laetantur

282 1239 297 1256 «
334 1221 493 1258 Franci.
517 1237 532 1254 >³
563 1220 640 1268 Qui
660 1221 874 1272 respondit
892 1234 979 1257 cum
1001 1220 1198 1258 cachinno
1219 1221 1359 1258 dicens
1385 1236 1392 1257 ε
1415 1237 1432 1256 «
1454 1220 1649 1259 Mentitos
1675 1234 1749 1258 vos
1770 1224 1776 1258 ἔ

283 1306 294 1319 ‹·
333 1286 514 1324 deliratis
538 1300 626 1323 cum
650 1286 874 1324 Clotarium
894 1286 1107 1324 vobiscum
1128 1286 1277 1324 habere
1301 1286 1452 1333 dicitis,
1478 1287 1572 1338 quia
1592 1300 1667 1324 nos
1690 1300 1779 1324 eum

284 1373 295 1383 ι·
335 1358 561 1390 mortuumq
585 1351 953 1389 audivimus.»Rex
975 1365 1138 1403 quoque
1155 1351 1236 1389 illic
1249 1352 1584 1390 stabatloricatus
1597 1352 1780 1404 etgalea-

281 1429 362 1464 ωε,
406 1417 558 1455 habens
600 1431 722 1455 canos
770 1419 904 1456 crines
946 1417 1161 1456 obvolutos
1180 1424 1205 1454 Γ.
1250 1417 1434 1470 Cumque
1475 1418 1781 1470 discoopertum

281 1485 395 1537 galea
438 1484 699 1536 apparuisset
735 1485 866 1536 capud
903 1484 1030 1536 regis,
1073 1485 1266 1536 cognovit
1303 1498 1393 1522 eum
1430 1484 1649 1523 Bertaldus
1687 1498 1781 1523 esse

282 1565 435 1603 regem,
460 1551 513 1588 ait
538 1565 545 1586 ι
574 1567 591 1586 «
611 1550 670 1589 Tu
690 1551 753 1589 hic
774 1565 863 1588 eras
886 1550 998 1588 blare
1017 1549 1213 1602 jumente.
1242 1566 1259 1585 >³
1297 1550 1386 1588 Rex
1405 1551 1522 1589 valde
1544 1551 1779 1603 indignatus

283 1618 356 1655 hoc
379 1617 571 1664 convitio,
595 1617 780 1655 Yiseram
801 1617 966 1655 fluvium
1007 1617 1223 1669 ingressus
1247 1630 1336 1654 cum
1374 1630 1480 1668 equo
1498 1617 1776 1664 velocissimo,

283 1683 564 1730 transnatavit,
587 1691 624 1720 et
645 1683 730 1720 fero
765 1692 807 1721 ut
841 1691 926 1720 erat
957 1683 1095 1730 corde,
1131 1682 1396 1720 BertaldumS
1431 1683 1773 1734 persequebatur.

286 1749 617 1800 Francorumque
650 1750 852 1787 exercitus
892 1757 1111 1800 sequentes
1148 1762 1288 1800 regem
1324 1749 1501 1786 natando
1522 1749 1591 1786 vix
1610 1748 1780 1786 fluvium

286 1829 373 1852 cum
397 1815 632 1867 Dagoberto
654 1816 881 1854 transibant
909 1828 983 1867 per
1017 1815 1228 1867 gurgitest
1264 1815 1488 1852 inmensos.
1525 1814 1614 1852 Rex
1648 1814 1783 1866 itaque

287 1881 489 1918 Clotarius
506 1890 747 1933 persecutus
771 1881 1021 1928 Bertaldum,
1041 1882 1219 1919 certabat
1239 1881 1356 1919 valde
1387 1894 1475 1918 cum
1499 1894 1560 1919 eo.
1587 1880 1783 1931 Dixitque

287 1947 502 1985 Bertaldus
529 1963 535 1983 :
564 1964 581 1983 «
607 1947 768 1986 Recede
790 1962 810 1985 a
841 1962 918 1994 me,
952 1962 973 1984 o
996 1961 1081 1993 rex,
1107 1961 1156 1985 ne
1180 1949 1282 1985 forte
1305 1947 1544 1985 interficiam
1573 1955 1612 1984 te
1636 1946 1731 1998 quia
1750 1947 1782 1983 si

289 2030 304 2047 ‹<
339 2013 592 2064 prevalueris
616 2015 831 2051 adversum
849 2027 926 2059 me,
951 2014 1009 2050 sic
1029 2027 1170 2050 omnes
1193 2013 1377 2051 homines
1398 2013 1534 2050 dicent
1562 2013 1671 2064 quod
1695 2025 1784 2049 ser-

290 2097 304 2113 «
340 2093 432 2118 vum
449 2088 559 2118 tuum
583 2079 817 2117 Bertaldum
841 2080 1033 2132 gentilem
1065 2079 1292 2131 peremisti,
1323 2079 1356 2116 si
1378 2088 1510 2117 autem
1531 2093 1606 2131 ego
1629 2079 1784 2116 interfi—

292 2163 305 2178 (ι
344 2158 438 2182 cero
458 2154 511 2191 te,
535 2153 630 2182 tunc
649 2159 789 2183 rumor
811 2159 982 2197 magnus
1014 2145 1054 2182 in
1077 2145 1234 2182 cunctis
1256 2145 1449 2196 gentibus
1469 2144 1656 2182 audietur
1675 2144 1785 2196 quod

291 2228 305 2245 ε(
341 2210 589 2248 fortissimus
615 2210 863 2247 Francorum
883 2223 954 2247 rex
976 2224 997 2247 a
1020 2223 1139 2247 servo
1163 2210 1213 2247 sit
1233 2209 1487 2247 interfectus.
1509 2224 1525 2243 >³
1549 2208 1637 2246 Rex
1653 2216 1784 2245 autem

288 2289 543 2327 nequaquam
563 2276 769 2327 adquievit
791 2276 910 2313 dictis
931 2274 1033 2326 ejus,
1077 2276 1148 2312 sed
1176 2275 1305 2326 magis
1346 2275 1621 2326 consurgebat
1660 2287 1785 2325 super

292 2355 396 2379 eum.
438 2341 644 2393 Equester
686 2342 820 2393 itaque
856 2341 982 2392 regiS‚
1007 2355 1027 2378 a
1063 2341 1184 2392 longe
1220 2349 1400 2387 secutus,
1423 2340 1511 2392 regi
1553 2339 1749 2377 clamabat
1774 2354 1781 2375 :

292 2425 307 2442 «
345 2407 586 2445 Consortare
633 2415 774 2444 contra
821 2407 1098 2444 adversarium
1144 2415 1255 2444 tuum
1274 2436 1283 2453 ,
1337 2407 1483 2443 domne
1521 2404 1574 2442 mi
1621 2406 1719 2441 rex!
1765 2419 1782 2438 »

291 2473 498 2525 Erantque
521 2486 662 2510 manus
685 2473 796 2525 regis
814 2472 932 2510 valde
953 2486 1116 2524 graves,
1143 2481 1226 2510 erat
1245 2472 1352 2509 enim
1373 2471 1583 2517 loricatus,
1608 2483 1783 2508 consur-

291 2552 474 2591 gensque
506 2552 631 2590 super
670 2552 760 2576 eum
783 2538 1000 2579 interfecit.
1026 2538 1272 2589 sustulitque
1311 2537 1442 2589 capud
1476 2535 1564 2588 ejus
1586 2536 1627 2573 in
1649 2543 1783 2581 conto,

290 2617 564 2656 reversusque
594 2612 655 2642 est
685 2605 732 2641 ad
758 2603 951 2641 Francos
981 2603 1042 2640 Illi
1082 2616 1180 2641 vero
1203 2603 1398 2656 lugebant
1418 2601 1651 2640 nescientes
1688 2599 1786 2652 quid

332 2735 363 2775 ο)
385 2734 479 2765 venit
498 2734 600 2763 deest.
632 2735 668 2766 A.
698 2734 736 2768 D,
767 2734 802 2764 E.
826 2751 865 2756 --
885 2734 922 2773 p)
944 2732 1127 2773 conjuncta
1149 2734 1185 2763 A.
1210 2751 1247 2755 —
1274 2733 1309 2773 q)
1330 2734 1584 2762 commortuum
1618 2731 1655 2766 Α,
1685 2729 1723 2760 D.
1745 2746 1786 2752 —

291 2795 316 2824 r*
342 2793 524 2823 obvolutas
552 2795 587 2823 A.
612 2811 648 2814 ——
673 2793 701 2833 s)
728 2803 804 2822 eum
828 2792 863 2824 F.
888 2793 927 2821 G.
952 2810 990 2814 —
1012 2797 1036 2824 1>
1057 2796 1220 2832 urgentes
1244 2792 1279 2822 E.
