1908 3256
293 317 368 354 180
811 323 998 349 mmmm
1030 322 1270 349 cunoxxcoixv

289 415 594 476 praecursoris
617 413 797 456 Domini
819 413 1112 455 Alexandriae
1138 412 1339 454 habitum
1363 416 1469 454 est².
1505 413 1658 469 Itaque
1684 411 1787 454 dum

289 490 515 531 inventum
533 486 844 529 ostenderetur
864 494 995 542 caput
1011 485 1152 526 sancti
1174 484 1403 536 Johannis‚
1429 484 1574 525 omnis
1605 484 1789 542 Aquita-

289 562 359 603 nia
373 570 415 602 ct
431 559 588 609 Gallia,
606 558 730 600 Italia
747 566 789 599 et
811 556 1023 613 Hispania
1045 556 1098 598 ad
1120 556 1279 598 famam
1298 565 1533 607 commota,
1559 555 1622 597 ibi
1638 572 1793 597 occur-

288 649 386 674 rere
415 631 617 674 certatim
647 629 841 671 festinat.
879 630 974 670 Rex
1006 644 1182 686 quoque
1217 629 1494 670 Rotbcrtusu
1534 643 1582 668 ac
1611 627 1787 688 regina,

287 721 365 747 rex
391 706 625 754 Navarrac,
658 702 746 743 dux
777 700 1041 745 Wasconiae
1076 699 1278 751 Sancius,
1318 699 1415 742 Odo
1445 699 1785 757 Campanensis,

288 776 472 817 comites
495 784 538 816 et
559 773 805 832 principes,
829 788 927 814 cum
956 771 1181 829 episcopis
1204 781 1247 813 et
1268 771 1521 823 abbatibus,
1547 787 1792 829 omnesque

288 847 530 907 dignitates
567 855 788 887 terrarum
823 860 873 885 co
921 842 1192 885 confluxere.
1232 843 1320 885 Ubi
1349 859 1502 884 omnes
1545 842 1794 884 offerebant

289 936 470 961 munera
494 918 696 976 preciosa
719 916 883 958 diversi
907 915 1112 976 generis;
1139 915 1216 957 ubi
1239 915 1522 972 supradictus
1548 932 1626 957 rex
1654 917 1795 957 Fran-

287 1007 456 1041 corum,
483 990 629 1032 oblata
651 994 811 1031 concav
829 1004 880 1030 ex
893 1004 999 1029 auro
1022 987 1262 1045 purissimo
1279 996 1493 1044 pensante
1516 987 1652 1028 libras
1675 988 1796 1029 XXX

288 1073 328 1105 et
352 1063 548 1105 vestibus
572 1061 815 1120 preciosis¹
838 1060 891 1102 ad
911 1069 1116 1102 ornatum
1140 1059 1371 1111 ecclesiae,
1392 1076 1413 1101 a
1432 1059 1661 1103 XVillelmo
1684 1060 1794 1102 duce

288 1144 547 1177 reverenter
570 1142 845 1191 susceptusy,
870 1132 1103 1175 Franciam
1126 1149 1331 1174 reversus
1355 1141 1436 1174 est.
1468 1133 1593 1174 Ultra
1618 1149 1794 1174 omnem

288 1207 545 1248 felicitatem
569 1216 611 1248 et
637 1206 824 1266 gloriam
852 1205 1086 1247 videbatur
1109 1221 1351 1246 concursus
1374 1204 1661 1262 psallentium
1696 1221 1795 1246 cum

287 1278 490 1336 reliquiis
520 1287 774 1319 sanctorum
809 1276 1144 1335 canonicorum,
1177 1277 1515 1328 monachorum,
1550 1276 1795 1318 undecum-

287 1366 371 1407 que
408 1350 461 1391 ad
490 1349 749 1391 memoriam
785 1348 926 1390 sancti
967 1348 1273 1405 praecursoris
1307 1347 1629 1389 festinantium.
1673 1349 1794 1389 Inter

286 1438 414 1479 quae,
446 1422 663 1479 reliquiae
686 1420 906 1479 principis
930 1420 1106 1472 summi,
1134 1420 1209 1478 qui
1232 1429 1358 1478 pater
1381 1429 1448 1462 est
1466 1420 1792 1477 Aquitanorum

286 1502 329 1535 et
356 1493 527 1551 primus
557 1494 802 1536 Galliarum
839 1493 1168 1553 spermologUS,
1204 1492 1414 1534 videlicet
1453 1492 1573 1534 beati
1602 1491 1793 1549 apostoli

285 1566 526 1617 Marcialis,
565 1566 696 1608 simul
734 1582 832 1607 cum
869 1565 1072 1623 reliquiis
1111 1565 1251 1606 sancti
1283 1564 1500 1622 Stephani
1534 1564 1792 1606 Lemovicae

288 1637 422 1689 sedis,
449 1638 554 1679 illuc
577 1638 912 1679 deserebantur.
938 1637 1185 1679 Protractis
1202 1649 1213 1664 Ζ
1231 1637 1380 1694 itaque
1404 1637 1545 1687 sancti
1567 1636 1792 1678 Marcialis

286 1709 332 1750 in
351 1710 547 1751 vectorio
565 1727 617 1751 ex
633 1727 740 1751 auro
763 1719 806 1751 et
829 1709 1016 1770 gemmis
1033 1709 1298 1770 pigneribus
1313 1708 1419 1750 foris
1436 1708 1665 1750 basilicam
1688 1725 1794 1766 pro-

286 1782 445 1838 priam,
478 1799 579 1823 mox
608 1782 752 1823 omnis
785 1781 1040 1839 Aquitania,
1084 1798 1195 1839 quae
1231 1782 1322 1838 jam
1352 1780 1427 1822 diu
1456 1780 1606 1821 nimiis
1629 1780 1792 1837 pluviis

285 1853 577 1905 laboraverat,
610 1854 801 1895 adventu
836 1853 976 1910 patris
1014 1853 1082 1894 sui
1116 1853 1380 1895 laetificatur
1417 1852 1658 1894 serenitate
1687 1852 1792 1893 red-

285 1924 392 1967 dita.
422 1925 531 1967 Cum
561 1925 730 1967 eisdem
753 1925 1018 1985 pigneribus
1041 1926 1177 1967 abbas
1200 1924 1428 1966 Josfredus
1458 1933 1590 1982 atque
1620 1924 1789 1982 episco-

283 2013 366 2054 pus
389 1996 598 2038 Giraldus
621 2013 720 2038 cum
743 1996 1026 2053 principibus
1049 1996 1300 2038 numerosis
1318 2005 1360 2037 et
1383 1996 1505 2037 omni
1526 1996 1788 2038 innumera-

284 2068 365 2109 bili
398 2068 564 2125 populo
593 2068 872 2110 diverterunt
902 2068 947 2109 in
977 2068 1205 2109 basilicam
1238 2067 1389 2110 Sancti
1415 2067 1657 2110 Salvatoris
1681 2068 1784 2109 Car-

284 2139 382 2181 rofi.
431 2140 737 2197 Exieruntque
779 2140 842 2181 eis
891 2140 1065 2182 obviam
1107 2140 1313 2182 monachi
1353 2157 1451 2182 cum
1492 2140 1614 2182 omni
1654 2140 1785 2197 plebe

284 2211 517 2269 populari³
546 2212 738 2253 miliario
759 2228 864 2263 un0‚
900 2221 943 2253 et
977 2228 1075 2253 cum
1104 2221 1319 2269 apparatu
1353 2211 1602 2254 honorifico
1618 2214 1648 2263 ¹³,
1674 2211 1783 2253 anti-

285 2285 455 2341 phonas
479 2285 652 2326 excclsa
673 2301 779 2325 voce
811 2284 1083 2335 intonantes,
1103 2284 1383 2326 deduxerunt
1407 2300 1547 2342 usque
1570 2284 1624 2325 ad
1645 2284 1783 2325 altare

287 2356 544 2398 Salvatoris.
579 2357 634 2397 Et
657 2356 791 2397 missa
818 2356 1057 2407 celebrata,
1096 2356 1231 2397 simili
1263 2356 1394 2398 modo
1428 2355 1656 2413 prosecuti
1684 2364 1787 2397 sunt

325 2524 352 2564 t)
406 2523 568 2564 Legimus
627 2524 662 2554 in
717 2523 972 2565 Aquitanorum
1020 2524 1176 2565 legendis
1195 2549 1201 2561 ,
1241 2524 1396 2565 primum
1449 2524 1631 2556 inventum
1684 2527 1793 2565 caput

285 2565 396 2596 sancti
426 2565 646 2605 p1ecursoris
667 2576 686 2595 a
705 2566 841 2596 duobus
863 2550 1073 2595 monachisD
1061 2577 1123 2606 per
1146 2566 1249 2597 rev-el
1243 2566 1394 2596 itionem
1416 2566 1450 2596 in
1473 2578 1511 2596 eo
1533 2566 1625 2606 quod
1647 2570 1790 2597 ventum

284 2611 352 2642 est;
383 2607 546 2648 deinceps
568 2612 684 2638 autem
705 2618 725 2637 a
748 2607 943 2637 Theodosio
976 2607 1188 2654 imper-atme
1210 2608 1364 2638 delatum
1390 2608 1425 2638 in
1450 2608 1543 2639 civit
1537 2612 1627 2638 item
1656 2607 1796 2648 regiamv

285 2632 638 2689 Constantinopolim,
661 2649 861 2689 ibidemque
883 2649 1053 2680 venerari
1080 2650 1200 2690 Itaque
1227 2654 1265 2679 ut
1288 2650 1333 2680 ad
1362 2650 1584 2690 propositum
1605 2649 1790 2679 ledeamus

285 2691 371 2721 add.
398 2691 438 2721 C.
464 2709 505 2713 —
525 2692 558 2731 u)
576 2691 791 2720 Francorum
808 2691 1007 2726 Rotbertus,
1031 2702 1090 2720 rex
1111 2692 1183 2722 Nav
1188 2702 1266 2721 a1re
1295 2692 1454 2726 Saucius.
1477 2701 1664 2731 omnesque
1680 2690 1792 2731 digni—

284 2736 373 2762 tates
398 2743 519 2762 eorum
539 2734 738 2773 coussugere
760 2732 800 2763 C.
823 2750 864 2756 —
880 2733 912 2772 v)
935 2732 1066 2773 gabata
1087 2732 1123 2763 C.
1147 2751 1186 2755 —
1212 2736 1245 2772 x)
1273 2733 1472 2763 oloscericis
1509 2736 1542 2762 et
1573 2743 1658 2762 auro
1687 2732 1790 2762 textis

285 2774 367 2803 add.
389 2773 425 2803 C
454 2792 495 2797 —
519 2774 554 2814 ))
580 2785 642 2815 per
671 2774 822 2805 Pictavis
844 2773 930 2806 add,
957 2774 997 2806 C.
1023 2774 1106 2816 -z)
1129 2775 1370 2808 PertractisA.
1385 2775 1472 2816 —a)
1491 2774 1727 2815 popularisA.
1749 2791 1790 2798 -—

285 2815 320 2857 b)
337 2815 428 2846 diem
445 2816 573 2846 festum
587 2820 732 2857 agentes
748 2815 834 2849 add.
857 2816 893 2847 C.
