1908 3256
303 256 351 292 :34
827 265 1011 290 AnssMAni
1044 265 1287 291 CHHONICON

303 358 355 395 ait
381 373 387 394 :
416 376 431 392 (ι
460 359 500 395 Si
522 372 609 395 cum
646 358 712 394 illa
736 357 914 394 dormire
951 370 1124 406 nequeo,
1159 356 1356 393 dormiam
1386 365 1532 394 tecum.
1556 374 1572 392 »
1614 358 1802 410 Cumque

302 423 512 461 introisset
531 437 602 460 rex
625 423 663 459 in
687 422 816 459 aulam
841 435 968 466 suam,
997 421 1174 457 occurrit
1197 421 1231 457 61
1251 422 1394 473 regina
1416 436 1505 459 cum
1541 422 1630 473 ipsa
1648 423 1799 474 puella,

303 498 339 527 et
361 490 413 527 ait
439 504 446 525 ς
475 506 491 524 «
517 489 739 526 Nesandarn
768 502 851 525 rem
873 487 1002 525 fecisti
1023 500 1097 538 pcr
1120 487 1422 538 simplicitatem
1455 497 1578 535 tuam,
1599 487 1681 540 jam
1704 503 1802 528 con-

305 572 321 589 «
350 554 423 607 jux
445 569 531 593 mea
550 555 723 607 amplius
739 559 753 575 0
775 568 866 591 esse
888 568 969 591 non
992 553 1163 604 poteris.
1186 568 1202 587 ³>
1225 552 1439 605 Jussitque
1457 567 1542 591 eam
1562 568 1679 592 sacro
1695 555 1801 593 vela-

303 621 406 658 mine
427 621 539 658 indui
562 634 650 658 cum
672 620 761 671 ipsa
778 620 872 665 filia,
892 619 1084 670 deditque
1103 620 1136 656 ei
1154 619 1296 671 predia
1315 619 1437 656 multa
1459 628 1496 657 et
1515 619 1649 657 villas.
1676 620 1801 672 Epis-

302 701 445 739 copum
467 700 580 733 vem,
600 687 668 739 qui
693 700 777 723 eam
800 685 1035 737 baptizavit,
1073 685 1193 723 exilio
1212 685 1541 736 condempnavit,
1561 685 1801 738 Fredegun-

301 755 390 791 dem
412 767 509 791 vero
533 753 738 805 copulavit
759 753 808 790 ad
831 752 1028 803 reginam.

353 822 475 859 31.-
489 819 601 857 Tunc
620 819 876 857 Justiniamis
899 819 1121 870 imperator
1139 817 1248 869 apud
1266 817 1690 869 Constantinopolim
1706 818 1800 856 civi-

300 895 418 925 tatem
447 886 560 932 obiit,
599 895 637 924 et
670 885 856 923 Justinus
892 884 1074 935 suscepit
1108 883 1339 934 imperium.
1379 883 1612 921 Clodoveus
1635 898 1800 936 quoque

296 951 448 1003 junior,
470 952 576 989 filius
597 951 835 1003 Chilperici‚
860 951 958 988 abiit
979 963 1110 1001 usque
1133 949 1486 1001 Burdegalensem
1508 950 1667 987 urbem.
1695 950 1798 988 Cum

301 1018 397 1065 illic,
423 1019 534 1057 nullo
558 1018 823 1070 inquietante,
851 1018 1027 1062 sederet,
1062 1015 1246 1067 Sigulfus
1279 1015 1444 1067 quidam
1479 1029 1500 1052 a
1534 1024 1648 1067 parte
1681 1015 1800 1068 Sige-

300 1086 403 1123 berti
426 1085 536 1137 regis
561 1085 712 1122 missus
732 1098 821 1121 cum
842 1083 1021 1120 exercitu
1046 1095 1088 1119 se
1112 1095 1239 1133 super
1256 1095 1346 1119 eum
1374 1080 1538 1133 objecit.
1572 1082 1702 1130 Quem
1737 1083 1800 1119 fu-

301 1152 476 1204 gientem
507 1165 595 1189 cum
618 1150 727 1188 tubis
751 1158 788 1187 et
822 1149 982 1187 bucinis
1003 1148 1119 1200 quasi
1144 1148 1365 1199 fugientem
1398 1162 1562 1185 cervum
1604 1147 1800 1199 inseque-

301 1219 432 1264 batur,
458 1217 526 1269 qui
549 1217 616 1254 vix
639 1217 687 1254 ad
708 1225 864 1268 patrem
888 1215 1046 1260 labens,
1072 1214 1259 1251 Parisius
1282 1213 1484 1264 pervenit.
1512 1213 1801 1265 Chilpericusq

301 1297 463 1336 quoque
487 1282 813 1320 Theodebertum
836 1282 962 1318 filium
986 1294 1103 1318 suum
1127 1280 1331 1317 seniorem
1355 1280 1423 1330 qui
1446 1287 1562 1317 antea
1584 1279 1800 1331 Sigeberto

296 1348 517 1401 juraverat,
542 1349 647 1386 ultra
668 1347 848 1400 Ligerim
878 1361 966 1384 cum
990 1346 1106 1384 hoste
1145 1346 1306 1383 direxit.
1334 1345 1412 1393 Qui
1435 1345 1592 1391 abiens,
1617 1345 1799 1384 civitates

303 1415 507 1467 Sigeberti
531 1414 718 1453 avunculi
744 1414 804 1451 sui
824 1413 1021 1465 pervasit,
1056 1412 1097 1450 id
1121 1421 1182 1450 est
1205 1412 1398 1458 Turonis,
1423 1411 1603 1449 Pictavis
1632 1420 1671 1450 et
1702 1412 1800 1450 reli-

302 1496 416 1534 quas.
440 1481 562 1533 Apud
585 1481 777 1518 Pictavos
800 1489 931 1518 autem
954 1487 1096 1516 contra
1116 1478 1399 1515 Gundoaldem
1419 1479 1562 1516 ducem
1584 1478 1797 1530 pugnavit,

302 1549 552 1600 collisusque
583 1548 786 1585 exercitus
822 1545 1053 1584 Gundoaldi
1091 1545 1207 1597 fugit,
1245 1558 1515 1597 magnamque
1550 1544 1633 1582 11110
1656 1546 1795 1583 cedem

302 1614 609 1652 Theodebertus
632 1615 680 1651 de
699 1613 815 1650 hoste
833 1612 1064 1650 Gundoaldi
1082 1612 1177 1648 fecit
1192 1617 1223 1651 Γ.
1254 1611 1468 1656 Commoto
1490 1610 1583 1648 inde
1601 1611 1795 1657 exercitu,

301 1679 604 1718 Lemovicinum
628 1679 985 1730 Cadurcinumque
1002 1684 1012 1699 S
1036 1678 1148 1721 abiit,
1174 1691 1323 1728 easque
1345 1677 1542 1729 pervasit,
1561 1686 1681 1728 atque
1702 1690 1797 1715 vas-

300 1747 412 1792 tavit,
443 1746 636 1784 ecclesias
656 1743 1248 1790 multasinccndit,ministeria
1267 1743 1456 1789 detraxit,
1476 1743 1648 1781 clericos
1668 1743 1798 1782 inter-

300 1813 407 1858 fecit,
432 1812 679 1849 monasteria
699 1812 882 1849 virorum
917 1809 1079 1861 dejecit,
1105 1809 1385 1847 castimoniam
1407 1809 1635 1861 puellarum
1651 1812 1661 1832 ἵ
1681 1810 1797 1849 delu-

300 1879 351 1916 sit
374 1887 411 1916 et
434 1887 575 1916 cuncta
598 1878 838 1916 devastavit.
858 1877 1032 1928 Fuitque
1054 1876 1093 1913 111
1116 1876 1186 1913 1110
1202 1885 1386 1927 tempore
1407 1874 1527 1928 pejor
1547 1876 1588 1913 in
1611 1877 1796 1915 ecclesiis
1832 1925 1835 1927 Α

298 1945 473 1999 gemitus
503 1958 621 1996 quam
656 1952 839 1995 tempore
868 1942 1171 1994 persecutionis
1204 1941 1440 1979 Maximiani
1473 1950 1511 1979 et
1549 1942 1796 1981 Diocletiani

298 2012 605 2063 imperatorum.
632 2010 732 2047 Cum
755 2009 827 2046 has
851 2008 1080 2046 discordias
1103 2008 1421 2046 disseminarent
1445 2008 1590 2046 fratres
1613 2008 1720 2047 inter
1735 2023 1794 2055 se,

298 2086 498 2116 commoto
531 2076 677 2114 iterum
718 2075 977 2127 Chilpericus
1016 2075 1210 2120 exercitu,
1254 2088 1385 2126 usque
1427 2074 1568 2112 Remis
1605 2075 1792 2120 accessit,

298 2152 440 2181 cuncta
461 2143 684 2180 incendens
708 2150 826 2192 atque
846 2140 1096 2178 debellansu.
1123 2140 1212 2188 Quo
1235 2141 1387 2186 audito,
1413 2140 1671 2192 SigebertuS‚
1696 2154 1794 2178 con-

297 2209 449 2248 vocatis
472 2208 662 2260 gentibus
678 2213 692 2228 *⁴
717 2221 794 2259 que
816 2206 921 2244 ultra
943 2207 1127 2244 Hrenum
1144 2215 1251 2253 sunt,
1271 2206 1579 2245 Parisiusvenit
1597 2215 1635 2244 et
1653 2215 1794 2244 contra

299 2277 461 2313 fratrem
477 2279 492 2295 ¹
514 2274 573 2311 ire
595 2272 791 2324 disponit.
816 2271 1022 2324 Mittitque
1046 2272 1210 2310 nuntios
1233 2271 1565 2310 Bituricensibus
1579 2272 1644 2310 vel
1660 2272 1793 2310 Turo-

298 2341 415 2387 nicis‚
440 2349 481 2378 ut
505 2347 644 2376 contra
668 2337 995 2375 Theodebertum
1017 2338 1076 2375 ire
1098 2339 1309 2376 deberent.
1354 2338 1473 2386 Quod
1491 2338 1573 2375 illis
1597 2338 1793 2376 dissimu-

298 2407 490 2452 lantibus,
511 2419 581 2442 rex
599 2404 891 2457 Godegiselum
914 2413 951 2441 et
975 2404 1230 2442 Guntranum
1253 2406 1378 2442 duces
1401 2405 1441 2442 in
1461 2404 1592 2456 capite
1627 2404 1789 2442 direxit.

300 2479 392 2528 Qui,
430 2485 730 2516 commoventes
766 2476 1002 2524 exereitum,
1034 2478 1234 2515 adversus
1258 2491 1349 2515 eum
1382 2485 1585 2529 pergunt,
1641 2478 1793 2512 contra

298 2544 569 2605 Egolismam
584 2542 659 2584 ubi
681 2542 905 2583 residebat
922 2551 1105 2599 propter
1116 2542 1424 2586 fortitudinem
1453 2560 1695 2587 murorum.
1722 2547 1793 2587 Ille

340 2678 371 2717 o)
387 2674 539 2717 amplius
560 2675 653 2704 deest
673 2675 711 2710 D,
735 2675 770 2709 F,
795 2675 833 2705 G.
851 2693 891 2697 -
906 2686 940 2715 Ρη]
957 2675 1261 2718 Constantinopoli
1282 2678 1318 2707 A.
1342 2695 1383 2700 ·—-—
1403 2677 1438 2718 q)
1460 2676 1696 2719 Chilpericum
1711 2679 1793 2708 A.—

299 2728 327 2758 1')
349 2717 519 2749 interiecit
542 2718 576 2747 E.
605 2735 646 2740 -—
673 2723 703 2756 s)
738 2716 957 2747 Lemovicum
986 2717 1279 2760 Caturcinumque
1313 2720 1348 2755 F,
1366 2719 1405 2750 G.
1428 2738 1470 2742 —
1491 2720 1515 2759 t)
1548 2719 1792 2750 castimoniam

297 2762 389 2832 {ir-<¹5⁵5
403 2760 502 2831 ssiulss
520 2760 555 2830 113.
574 2778 613 2829 F
633 2759 668 2799 11)
689 2759 877 2788 devastans
901 2759 935 2791 F.
953 2759 992 2789 G.
1015 2777 1056 2781 —-
1077 2762 1109 2800 v)
1132 2771 1327 2791 convocans
1347 2764 1466 2801 gentes
1482 2761 1518 2797 F,
1542 2761 1581 2791 G.
1603 2779 1644 2784 -—
1663 2763 1696 2802 x)
1718 2762 1792 2792 fra-

538 2812 559 2832 ’,
600 2817 622 2829 ιλ
