1908 3256
686 330 803 355 Lmen
835 330 1008 355 'rizn'rius
1520 330 1590 363 129

104 419 233 457 Rome
253 419 411 456 sublata
431 427 469 456 et
485 419 669 456 octobrio
692 433 830 456 mense
861 419 1071 457 Franciam
1099 422 1242 468 adlata,
1276 436 1380 461 anno
1403 426 1589 464 incarna—

102 486 225 524 tionis
238 485 402 523 Domini
422 497 676 530 ncccxxv111,
699 494 734 522 et
750 486 804 522 ibi
826 485 961 522 multis
985 487 1114 537 signis
1137 488 1376 526 clarescunt.

159 553 222 589 13.
245 574 297 578 —
315 550 433 588 Anno
457 551 658 601 sequenti,
683 559 905 588 conventus
926 552 1051 588 sactus
1071 561 1132 589 est
1167 552 1431 604 Aquisgrani‚
1454 569 1589 593 mense

104 616 324 661 februario,
349 617 389 654 in
411 630 490 667 quo
512 616 707 666 precipue
729 625 941 653 tractatum
963 625 1023 654 est
1045 618 1094 654 de
1117 618 1280 655 Mareha
1308 619 1518 670 Hispani&
1555 631 1592 659 et

107 681 229 734 legati
251 682 320 733 qui
343 682 538 719 exercitui
563 689 756 732 preerant
776 682 1000 728 culpabiles
1022 683 1172 720 inventi
1196 692 1248 729 et,
1284 683 1397 734 juxta
1435 687 1588 726 merita.

104 749 304 785 bonorum
319 747 539 784 amissione
555 747 710 784 multati
732 755 839 791 sunt,
855 748 948 798 quia
964 748 1228 799 neglegenter
1242 750 1458 787 exercitum
1473 752 1591 787 ‹luxe-

106 821 199 850 runt
221 821 362 850 contra
383 812 644 850 Sarracenos.
671 812 884 850 Similiterj
908 813 987 850 dux
1022 812 1332 864 Forojuliensis,
1357 829 1443 852 cuni
1469 830 1594 867 prop—

105 887 167 916 ter
207 877 293 930 ejus
341 872 547 930 ignaviam*
582 877 853 929 Bulgarorum
903 878 1104 916 exercitus
1144 880 1339 917 terminos
1386 880 1593 918 Pannonie

107 944 333 996 superioris
353 944 518 995 impune
538 942 823 989 vastavisset&
848 942 1073 981 honoribus
1095 944 1278 995 privatus
1302 953 1376 990 est,
1412 954 1449 983 et
1488 959 1594 983 inar-

106 1008 178 1046 cha
200 1022 318 1060 quam
341 1009 453 1046 solus
475 1009 652 1054 tenebat,
676 1008 782 1045 inter
804 1017 977 1059 quatuor
999 1009 1166 1047 comites
1200 1010 1330 1047 divisa
1365 1019 1439 1047 est.
1482 1011 1592 1048 Tunc

104 1074 278 1112 domnus
296 1074 528 1112 Ludovicus
550 1073 773 1124 imperator
794 1072 903 1110 misit
926 1072 1325 1124 Constantinopolim
1335 1073 1592 1124 Alitgcrium,

105 1140 345 1191 episcopum
387 1139 738 1184 Camaracensem,
781 1146 819 1175 et
857 1137 1112 1183 Aussridum,
1137 1140 1320 1176 abbatem
1362 1140 1593 1176 monasterii

106 1205 342 1251 Nonantilo,
367 1214 404 1243 et
422 1219 443 1243 a
463 1204 661 1242 Michaele
683 1204 928 1254 imperatore
951 1204 1104 1242 honore
1119 1218 1265 1256 magno
1288 1204 1460 1255 recepti¹
1486 1213 1591 1241 sunt.

106 1269 468 1322 Imperator,junio
490 1284 644 1317 mense,
658 1270 707 1307 ad
724 1269 972 1321 Ingeleneim
989 1270 1123 1307 villam
1139 1271 1263 1307 venit.
1279 1270 1336 1307 Ibi
1352 1284 1426 1321 per
1442 1269 1594 1320 aliquot

105 1337 192 1375 dies
211 1337 404 1389 placitum
426 1335 564 1374 habuit
586 1349 675 1374 cum
696 1335 790 1372 filiis
808 1335 893 1372 suis
916 1335 1108 1373 Lothario
1131 1344 1169 1373 et
1191 1335 1354 1386 Pipino,
1380 1344 1416 1372 et
1457 1334 1593 1371 consi-

101 1402 197 1440 lium
219 1402 309 1440 iniit
330 1402 534 1453 quomodo
556 1415 625 1438 eos
645 1401 866 1439 direxisset
886 1414 975 1438 cum
993 1401 1085 1438 sorti
1109 1401 1284 1437 exercitu
1314 1401 1362 1437 ad
1387 1399 1588 1436 Marc-ham

104 1468 317 1519 Hispanie.
334 1467 393 1505 Ibi
416 1468 578 1505 fuerunt
596 1467 743 1505 missim
766 1467 937 1505 Romani
958 1480 1085 1518 pape:
1106 1465 1301 1514 Quirinus
1314 1465 1588 1517 primicerius,

102 1533 350 1571 Teofilatusn
371 1533 679 1570 nomenculator
701 1546 804 1584 quos
828 1532 1010 1583 suscepit
1034 1539 1072 1569 et
1107 1531 1296 1576 absolvit,
1337 1538 1375 1568 et
1412 1530 1504 1566 inde
1544 1530 1592 1567 ad

99 1599 234 1637 villam
257 1599 567 1637 Franconofurd
588 1599 796 1650 profectus
819 1607 894 1636 est.
921 1598 1017 1635 Inde
1034 1596 1308 1635 NVarmaciam
1331 1604 1368 1633 et
1390 1595 1429 1632 in
1463 1594 1592 1632 Theo-

102 1665 220 1702 donis
241 1664 378 1702 villam
401 1664 597 1716 perrexit,
622 1665 671 1702 de
693 1677 773 1715 quo
795 1664 884 1701 loco
916 1662 1167 1706 Lotharium‚
1191 1662 1315 1698 filium
1347 1673 1478 1705 suum,
1504 1672 1591 1697 cum

103 1743 248 1782 magno
271 1730 519 1768 Francorum
543 1729 721 1767 exercitu
743 1730 792 1767 ad
815 1729 1054 1780 Hispaniam
1077 1727 1281 1765 Marcham
1313 1725 1474 1763 direxit.
1513 1724 1590 1772 Qui

100 1809 189 1833 cum
211 1795 457 1845 Lugdunum
476 1796 673 1840 venisset,
698 1795 925 1846 expectavit
952 1793 1142 1831 nuncium
1166 1793 1233 1844 qui
1265 1791 1300 1828 ei
1337 1792 1384 1829 de
1418 1791 1590 1827 adventu

102 1861 419 1899 Sarracenorum
442 1861 659 1899 intimaret.
686 1860 730 1898 In
753 1874 832 1912 qua
852 1859 1131 1911 expectatione
1153 1872 1241 1896 cum
1282 1856 1431 1907 Pipino
1471 1856 1591 1891 fratre

99 1927 359 1979 colloquitur,
384 1935 422 1965 et
449 1936 658 1979 comperto
681 1928 791 1978 quod
813 1925 1027 1964 Sarraceni
1059 1926 1108 1962 ad
1133 1923 1337 1961 Marcham
1364 1921 1503 1959 venire
1527 1928 1592 1957 aut

99 1992 288 2030 timerent
306 2001 371 2031 aut
385 1993 555 2039 nollent,
580 1992 753 2044 Pipinus
774 1991 816 2029 in
836 1990 1112 2043 Aquitaniam,
1129 1988 1343 2027 Lotharius
1365 1987 1414 2024 ad
1437 1993 1590 2036 patrem

98 2056 351 2109 Aquisgrani
372 2058 604 2097 revertitur.

153 2137 216 2174 14.
240 2158 292 2164 —
314 2135 473 2173 Interea
490 2149 579 2173 cum
600 2135 853 2173 tractandum
875 2142 985 2172 esset
1007 2133 1055 2170 de
1076 2144 1174 2184 pace
1193 2131 1299 2168 inter
1332 2129 1590 2167 Normannos

98 2208 137 2238 et
159 2200 339 2239 Francos
362 2209 401 2239 et
422 2202 471 2238 de
491 2202 614 2238 rebus
637 2200 796 2245 Eroldi,
820 2208 859 2238 et
876 2200 925 2237 ad
965 2199 1041 2236 hoc
1075 2197 1268 2249 placitum
1301 2193 1590 2232 convenissent

98 2266 266 2304 comites
288 2267 412 2305 totius
435 2266 608 2304 Saxonie
628 2266 772 2304 simul⁰
793 2274 831 2303 et
846 2263 1117 2308 marchiones,
1138 2259 1462 2306 Eroldus‚nimis
1482 2256 1591 2307 cupi-

103 2331 178 2369 dus
200 2331 384 2379 honoris,
410 2332 559 2384 irrupit
579 2345 718 2383 pacem
735 2344 810 2383 per
831 2330 998 2368 obsides
1020 2329 1230 2373 firmatam,
1256 2324 1438 2363 accensis
1461 2331 1499 2360 et
1520 2322 1592 2359 de-

101 2398 283 2448 predatis
297 2398 407 2436 villis
430 2384 619 2449 plurimis
641 2396 986 2435 Normannorum.
1007 2394 1124 2442 Quod
1143 2392 1352 2430 audientes
1374 2389 1444 2426 filii
1460 2387 1590 2425 Gode-

100 2464 308 2509 fridi‚cum
325 2464 504 2502 exercitu
527 2477 619 2501 mox
634 2464 683 2501 ad
706 2462 906 2500 marcham
928 2461 1096 2499 veniunt
1114 2467 1151 2496 et
1165 2458 1342 2501 Francos
1362 2454 1429 2506 qui
1446 2454 1485 2490 in
1505 2452 1593 2502 ripa

101 2527 283 2579 Egidora
303 2528 480 2566 fluminis
503 2529 700 2565 sedebant
718 2536 756 2565 et
775 2527 852 2565 tale
870 2526 994 2564 nichil
1022 2524 1306 2576 opinabantur,
1327 2518 1498 2556 transito
1517 2516 1592 2553 ssu-

102 2594 224 2642 mine,
249 2594 394 2641 adorti,
417 2595 465 2632 de
479 2594 624 2632 castris
646 2592 812 2645 ejiciunt
830 2601 869 2630 et
888 2592 930 2629 in
952 2592 1084 2641 fugam
1101 2586 1349 2639 compellunt
1369 2591 1591 2633 cunctaque

140 2742 168 2784 j)
201 2743 384 2773 Baldricus
418 2743 486 2772 dux
517 2742 554 2777 Ε,
595 2742 631 2775 F.
673 2741 713 2773 G.
749 2759 788 2764 —
821 2741 854 2779 k)
882 2738 1117 2770 vastat-issent
1138 2737 1173 2769 F,
1200 2734 1239 2765 G.
1262 2751 1300 2780 Τ
1320 2733 1346 2771 l)
1369 2729 1519 2781 suscepti
1551 2728 1588 2763 E,

108 2784 295 2815 honorifice
328 2784 428 2814 addit
456 2785 490 2819 F,
520 2784 562 2815 G.
581 2801 617 2807 -
635 2784 682 2824 m)
710 2782 817 2823 legati
838 2782 874 2817 E,
899 2782 934 2817 F,
957 2781 995 2812 G,
1012 2797 1050 2802 —
1065 2780 1101 2818 n)
1130 2775 1399 2816 Theophilactus
1433 2773 1468 2806 1⁴.
1490 2774 1529 2802 (J.
1551 2787 1589 2792 -

104 2826 135 2865 ο)
158 2825 263 2856 simul
288 2826 381 2856 deest
395 2826 430 2862 F,
453 2826 493 2857 G.

1378 2902 1397 2927 ‘J
