1908 3256
325 319 375 356 84
843 332 1028 357 ‘inmuni
1060 331 1301 356 CHRONICON

323 421 357 458 ei
377 421 565 458 ducatum
588 421 665 457 sibi
686 421 947 459 commissum
969 435 989 458 a
1011 422 1159 459 domno
1194 421 1343 472 Pipino
1375 434 1487 472 rege,
1531 429 1568 457 et
1599 421 1816 458 confessus

323 496 443 525 estse
466 487 505 524 in
525 487 714 525 omnibus
737 501 930 538 peccasse
960 496 997 524 et
1029 488 1129 524 male
1160 487 1309 539 egisse.
1354 486 1405 524 Et
1445 487 1579 524 denuo
1611 499 1819 524 renovans

324 561 575 590 sacramenta
597 553 781 590 deditxn
802 553 952 590 electos
976 553 1158 597 obsides,
1178 561 1215 589 et
1238 553 1409 589 tercium
1447 552 1649 589 decimum
1688 552 1816 590 filiurn

326 632 441 655 suum
461 618 737 656 Theudonem.
752 618 1027 669 Receptisque
1044 618 1258 656 obsidibus
1275 626 1312 655 et
1331 617 1612 663 sacramentis,
1626 631 1819 655 reversus

325 693 386 721 est
401 685 574 721 domnus
596 684 804 736 gloriosus
821 698 891 721 rex
909 684 1080 721 Carolus
1097 684 1137 720 in
1162 684 1372 721 Franciam
1394 691 1432 720 et
1452 682 1673 721 celebravit
1689 683 1815 721 Nata-

324 750 401 787 lem
424 759 461 787 et
482 750 639 787 Pascha
660 750 700 786 in
721 749 817 786 villa
840 763 917 799 que
939 750 1091 786 dicitur
1116 749 1403 801 Ingilenahim.

378 818 413 853 9.
436 839 487 843 ——
510 815 694 852 Domnus
718 815 842 865 igitur
863 829 934 852 rex
957 815 1129 853 Carolus
1154 815 1291 852 habuit
1310 815 1498 852 sinodum
1512 813 1654 866 adjam
1670 814 1819 853 dietam

322 881 460 918 villam
484 881 740 932 Ingilenaim,
766 880 904 930 ibique
929 881 1039 917 venit
1059 881 1218 918 Tassilo
1243 894 1289 917 ex
1303 879 1490 931 jussione
1511 878 1613 931 ejus,
1639 880 1747 918 sicut
1785 889 1823 918 et

324 947 472 984 caeteri
507 947 634 993 vassi,
668 947 941 997 dixeruntque
982 946 1123 983 fideles
1162 945 1340 997 Bajoarii
1368 947 1478 997 quod
1505 945 1667 983 Tassilo
1704 946 1825 984 fidem

323 1026 437 1049 suam
461 1013 611 1050 salvam
634 1026 714 1049 non
738 1012 904 1050 liaberet
927 1013 1021 1064 quia
1039 1021 1183 1063 postea
1206 1012 1486 1050 fraudulentus
1505 1013 1709 1064 apparuit,
1735 1026 1826 1050 sua-

324 1080 444 1116 dente
467 1092 593 1115 uxore
616 1092 687 1115 sua
707 1078 942 1129 Liutberga.
967 1078 1086 1125 Quod
1106 1086 1143 1114 et
1166 1077 1328 1115 Tassilo
1351 1078 1526 1129 negarek
1560 1092 1641 1116 non
1676 1079 1824 1130 potuit,

325 1145 397 1181 sed
417 1145 630 1181 confessus
647 1152 707 1180 est
724 1152 867 1194 postea
887 1157 930 1180 se
945 1143 1225 1181 transmisisse
1255 1145 1304 1181 ad
1326 1143 1500 1191 Avaros,
1534 1153 1576 1182 ut
1612 1145 1689 1182 sibi
1728 1158 1827 1182 con-

325 1210 525 1247 sentirent
547 1217 688 1246 contra
710 1210 903 1246 domnum
923 1222 1061 1260 regem
1085 1217 1123 1246 et
1150 1209 1336 1246 homines
1370 1223 1482 1256 suos,
1521 1211 1685 1261 quando
1715 1208 1826 1261 jura-

325 1277 435 1317 bant,
454 1274 638 1326 jubebat,
663 1284 705 1313 ut
721 1275 839 1312 aliter
854 1275 894 1311 in
919 1283 1051 1312 mente
1071 1275 1299 1312 retinerent
1326 1283 1364 1312 et
1401 1276 1476 1312 sub
1494 1275 1588 1313 dolo
1623 1274 1824 1326 jurarent,

323 1349 361 1377 et
383 1341 477 1392 quia
491 1341 649 1378 dixerat
672 1354 714 1378 se
731 1354 822 1378 esse
845 1339 1067 1378 mortuum¹
1092 1354 1212 1392 quam
1228 1341 1282 1378 ita
1302 1341 1493 1378 viverem.
1514 1341 1565 1379 Et
1581 1342 1675 1378 dum
1697 1341 1825 1378 incri-

324 1407 577 1444 minarentur
599 1420 688 1443 eum
712 1407 760 1443 de
784 1406 921 1444 multis
945 1406 1034 1443 aliis
1064 1406 1371 1443 infidelitatibus
1398 1406 1544 1444 Franci
1581 1415 1618 1444 et
1646 1405 1826 1458 Baioarii

322 1480 360 1509 et
376 1472 639 1523 Langobardi
662 1480 700 1509 et
719 1471 918 1517 Saxones,
935 1480 972 1509 et
988 1471 1132 1523 quiain
1144 1472 1323 1509 exercitu
1340 1472 1616 1524 dereliquerat
1631 1473 1824 1510 domnum

322 1538 514 1589 Pipinum
536 1550 691 1589 regem,
717 1546 755 1574 et
770 1551 912 1575 omnes
947 1537 1220 1575 adclamarent
1235 1550 1325 1575 eum
1348 1551 1461 1575 reum
1490 1551 1581 1575 esse
1604 1538 1748 1576 mortis
1786 1546 1824 1576 et

319 1613 361 1641 ut
377 1604 537 1655 capitali
558 1603 761 1640 sententia
777 1604 1080 1655 dampnaretur,
1103 1604 1276 1640 domnus
1309 1603 1522 1655 piissimus
1541 1617 1613 1641 rex
1629 1603 1822 1650 KaroluS,

322 1677 454 1706 motus
474 1668 761 1706 misericordia
778 1670 829 1705 ob
852 1682 1029 1706 amorem
1058 1668 1134 1706 Dei
1163 1676 1200 1705 et
1233 1668 1327 1719 quia
1360 1668 1691 1720 consanguineus
1736 1667 1822 1721 ejus

323 1743 422 1781 erat,
441 1735 643 1772 continuit
662 1743 703 1772 ut
718 1748 800 1771 non
820 1743 1064 1781 moreretur,
1085 1743 1122 1772 et
1140 1734 1411 1785 interrogavit
1439 1734 1695 1772 Tassilonem
1718 1735 1817 1787 quid

322 1814 443 1852 agere
464 1801 600 1838 vellet.
634 1800 706 1838 Ille
727 1814 826 1837 vero
856 1800 1079 1852 postulavit
1110 1800 1313 1837 licentiam
1350 1800 1427 1837 sibi
1460 1801 1649 1838 tonsarin
1680 1808 1719 1838 et
1754 1800 1822 1838 in⁰

324 1867 614 1905 monasterium
636 1867 871 1904 introeundi
889 1875 1014 1918 etpro
1026 1867 1148 1904 tantis
1165 1867 1343 1918 peccatis
1365 1866 1631 1918 penitentiam
1654 1867 1817 1918 agendi,

322 1940 364 1969 ut
383 1946 495 1970 suam
516 1932 690 1970 salvaret
711 1932 898 1970 animam.
930 1932 1128 1970 Similiter
1150 1932 1258 1970 filius
1290 1931 1377 1984 ejus
1414 1932 1584 1970 Theudo
1611 1931 1818 1984 judicatus

321 2011 396 2049 est,
421 2013 458 2041 et
480 2003 666 2041 monachi
688 2005 806 2041 ambo
830 2003 920 2041 facti
943 2012 1038 2041 sunt
1056 1997 1101 2038 in
1140 1997 1242 2038 Olto
1283 1997 1554 2039 monasterio
1581 1997 1660 2039 ubi
1695 2013 1817 2039 sanc-

318 2078 387 2110 tus
411 2069 676 2111 Bonefacius
699 2068 956 2126 requiescit.
974 2074 1098 2113 Pauci
1119 2088 1217 2112 vero
1235 2073 1413 2126 Bajoarii
1427 2075 1494 2126 qui
1511 2075 1551 2112 in
1568 2075 1815 2113 adversitate

319 2141 456 2178 domni
478 2141 590 2192 regis
626 2140 767 2178 Karoli
795 2141 1020 2191 perdurare
1050 2140 1256 2186 volebant,
1291 2140 1405 2178 missi
1437 2148 1531 2178 sunt
1560 2140 1602 2178 in
1637 2140 1816 2178 exilium.

320 2207 474 2244 Eodem
497 2221 602 2244 anno
623 2207 887 2244 commissum
910 2215 972 2244 est
998 2206 1150 2243 bellum
1173 2206 1280 2244 inter
1301 2205 1482 2244 Grecosp
1513 2215 1551 2244 et
1578 2206 1819 2258 Langobar-

320 2274 393 2309 dos
414 2273 456 2310 id
478 2281 539 2310 est
560 2287 582 2310 a
605 2273 778 2310 ducibus
800 2272 1026 2323 Spolitanis
1064 2271 1369 2310 Childebrando
1394 2281 1433 2310 et
1461 2271 1688 2318 Grimaldo,
1713 2286 1818 2323 quos

318 2347 511 2388 posuerat
533 2339 708 2376 domnus
728 2351 800 2375 rex
828 2339 952 2375 duces
983 2351 1108 2389 super
1138 2338 1434 2375 Beneventum.
1472 2337 1647 2388 Fuitque
1678 2337 1820 2375 Wini-

317 2404 432 2455 gisus
466 2405 629 2442 francus
664 2404 814 2441 missus
837 2403 974 2441 domni
991 2404 1102 2454 regis
1121 2403 1260 2442 Karoli
1283 2417 1372 2441 cum
1401 2403 1543 2455 paucis
1567 2403 1736 2441 Francis
1769 2417 1817 2441 ex

318 2478 432 2520 parte
456 2470 836 2521 Langobardorum,
861 2477 899 2506 et
919 2469 1131 2506 victoriam
1159 2469 1312 2507 habuit.
1332 2468 1455 2507 Avari
1478 2481 1642 2521 quoque
1664 2469 1816 2507 bellum

316 2534 495 2572 inierunt
523 2549 611 2572 cum
635 2534 784 2572 francis
807 2534 876 2585 qui
905 2542 1020 2571 erant
1052 2534 1092 2571 in
1122 2533 1249 2580 Italia,
1275 2542 1312 2571 et
1332 2533 1428 2572 victi
1451 2547 1541 2571 cum
1573 2533 1816 2572 confusione

315 2600 465 2651 fugatiq
488 2609 596 2647 sunt,
620 2609 658 2638 et
678 2600 894 2638 victoriam
920 2600 1065 2637 Franci
1089 2599 1332 2639 habuerunt.
1373 2599 1520 2638 Tereia
1538 2613 1679 2651 pugna
1709 2613 1814 2637 com-

313 2666 439 2703 missa
457 2675 518 2704 est
538 2667 644 2704 inter
664 2666 824 2705 Avaros
844 2675 882 2704 et
903 2665 1136 2718 Bajoarios,
1161 2675 1200 2705 et
1222 2666 1336 2704 missi
1361 2666 1501 2704 domni
1523 2665 1638 2717 regis
1655 2665 1812 2712 Karoli,

355 2813 388 2853 k)
408 2814 579 2854 denegare
602 2814 638 2849 E,
662 2814 698 2849 F,
722 2814 762 2845 G.
779 2833 818 2837 —
833 2815 856 2853 l)
877 2814 965 2844 mori
987 2815 1024 2844 A.
1041 2831 1081 2838 —
1102 2815 1149 2854 m)
1172 2814 1304 2845 viveret
1318 2815 1354 2843 Α.
1378 2831 1417 2836 -—
1438 2813 1473 2854 n)
1494 2812 1701 2843 tonsorandi
1716 2814 1754 2849 A,
1771 2813 1812 2844 D.

314 2854 350 2885 E.
374 2873 412 2878 —
433 2855 465 2896 o)
499 2856 532 2885 in
553 2856 646 2886 deest
668 2856 703 2891 F,
728 2857 767 2888 G.
791 2874 831 2880 —
851 2857 888 2897 p)
915 2856 1049 2897 Gregos
1069 2858 1095 2887 Α
1117 2874 1156 2880 -
1176 2856 1210 2896 q)
1233 2855 1335 2896 sugiti
1362 2856 1399 2891 A,
1423 2855 1461 2891 D,
1481 2854 1518 2887 E.
