<?xml version="1.0" encoding="UTF-8"?>
<!DOCTYPE html PUBLIC "-//W3C//DTD XHTML 1.0 Transitional//EN"
    "http://www.w3.org/TR/xhtml1/DTD/xhtml1-transitional.dtd">
<html xmlns="http://www.w3.org/1999/xhtml" xml:lang="en" lang="en">
 <head>
  <title>
</title>
<meta http-equiv="Content-Type" content="text/html;charset=utf-8" />
  <meta name='ocr-system' content='tesseract 3.04.00' />
  <meta name='ocr-capabilities' content='ocr_page ocr_carea ocr_par ocr_line ocrx_word'/>
</head>
<body>
  <div class='ocr_page' id='page_1' title='image "./chronique00aduoft_0222.png"; bbox 0 0 1908 3256; ppageno 0'>
   <div class='ocr_carea' id='block_1_1' title="bbox 91 635 142 661">
    <p class='ocr_par' dir='ltr' id='par_1_1' title="bbox 91 635 142 661">
     <span class='ocr_line' id='line_1_1' title="bbox 91 635 142 661; baseline 0 0"><span class='ocrx_word' id='word_1_1' title='bbox 91 635 142 661; x_wconf 67' lang='lat' dir='ltr'>ffll‘i</span> 
     </span>
    </p>
   </div>
   <div class='ocr_carea' id='block_1_2' title="bbox 273 310 1249 345">
    <p class='ocr_par' dir='ltr' id='par_1_2' title="bbox 273 310 1249 345">
     <span class='ocr_line' id='line_1_2' title="bbox 273 310 1249 345; baseline 0 0"><span class='ocrx_word' id='word_1_2' title='bbox 273 310 344 345; x_wconf 79' lang='lat'>158</span> <span class='ocrx_word' id='word_1_3' title='bbox 789 320 975 345; x_wconf 68' lang='lat' dir='ltr'>Anmmni</span> <span class='ocrx_word' id='word_1_4' title='bbox 1008 319 1249 345; x_wconf 67' lang='lat' dir='ltr'>cunoxicox</span> 
     </span>
    </p>
   </div>
   <div class='ocr_carea' id='block_1_3' title="bbox 264 409 1766 756">
    <p class='ocr_par' dir='ltr' id='par_1_3' title="bbox 264 409 1766 756">
     <span class='ocr_line' id='line_1_3' title="bbox 266 409 1766 469; baseline 0.001 -17"><span class='ocrx_word' id='word_1_5' title='bbox 266 411 449 452; x_wconf 78' lang='lat' dir='ltr'>antistes</span> <span class='ocrx_word' id='word_1_6' title='bbox 473 411 692 468; x_wconf 69' lang='lat' dir='ltr'>gloriosus</span> <span class='ocrx_word' id='word_1_7' title='bbox 716 411 999 469; x_wconf 69' lang='lat' dir='ltr'>Engolismae</span> <span class='ocrx_word' id='word_1_8' title='bbox 1023 409 1193 451; x_wconf 80' lang='lat' dir='ltr'>refulsit</span> <span class='ocrx_word' id='word_1_9' title='bbox 1211 411 1240 450; x_wconf 75' lang='lat'>⁸.</span> <span class='ocrx_word' id='word_1_10' title='bbox 1268 411 1344 451; x_wconf 89' lang='lat' dir='ltr'>IIis</span> <span class='ocrx_word' id='word_1_11' title='bbox 1367 411 1524 452; x_wconf 87' lang='lat' dir='ltr'>diebus</span> <span class='ocrx_word' id='word_1_12' title='bbox 1554 412 1766 468; x_wconf 89' lang='lat' dir='ltr'>pestilen—</span> 
     </span>
     <span class='ocr_line' id='line_1_4' title="bbox 264 482 1764 541; baseline 0.001 -17"><span class='ocrx_word' id='word_1_13' title='bbox 264 483 322 524; x_wconf 87' lang='lat' dir='ltr'>tia</span> <span class='ocrx_word' id='word_1_14' title='bbox 351 484 468 541; x_wconf 69' lang='lat' dir='ltr'>ignis</span> <span class='ocrx_word' id='word_1_15' title='bbox 491 500 623 540; x_wconf 85' lang='lat' dir='ltr'>super</span> <span class='ocrx_word' id='word_1_16' title='bbox 652 483 955 524; x_wconf 73' lang='lat' dir='ltr'>Lemovicinos</span> <span class='ocrx_word' id='word_1_17' title='bbox 985 482 1165 523; x_wconf 79' lang='lat' dir='ltr'>exarcit.</span> <span class='ocrx_word' id='word_1_18' title='bbox 1193 483 1389 540; x_wconf 82' lang='lat' dir='ltr'>Corpora</span> <span class='ocrx_word' id='word_1_19' title='bbox 1425 483 1541 524; x_wconf 93' lang='lat' dir='ltr'>enim</span> <span class='ocrx_word' id='word_1_20' title='bbox 1569 483 1764 525; x_wconf 79' lang='lat' dir='ltr'>virorum</span> 
     </span>
     <span class='ocr_line' id='line_1_5' title="bbox 1278 554 1762 614; baseline 0.004 -19"><span class='ocrx_word' id='word_1_21' title='bbox 1278 571 1361 614; x_wconf 77' lang='lat' dir='ltr'>gne</span> <span class='ocrx_word' id='word_1_22' title='bbox 1392 554 1762 611; x_wconf 80' lang='lat' dir='ltr'>depascebantur,</span> 
     </span>
     <span class='ocr_line' id='line_1_6' title="bbox 267 625 1764 686; baseline 0.001 -20"><span class='ocrx_word' id='word_1_23' title='bbox 267 635 309 666; x_wconf 91' lang='lat' dir='ltr'>et</span> <span class='ocrx_word' id='word_1_24' title='bbox 337 625 502 682; x_wconf 83' lang='lat' dir='ltr'>ubique</span> <span class='ocrx_word' id='word_1_25' title='bbox 527 626 728 682; x_wconf 77' lang='lat' dir='ltr'>planetus</span> <span class='ocrx_word' id='word_1_26' title='bbox 752 636 914 667; x_wconf 79' lang='lat' dir='ltr'>terram</span> <span class='ocrx_word' id='word_1_27' title='bbox 950 626 1167 682; x_wconf 88' lang='lat' dir='ltr'>replebat.</span> <span class='ocrx_word' id='word_1_28' title='bbox 1195 626 1428 668; x_wconf 88' lang='lat' dir='ltr'>Gossridus</span> <span class='ocrx_word' id='word_1_29' title='bbox 1463 642 1586 686; x_wconf 83' lang='lat' dir='ltr'>ergo,</span> <span class='ocrx_word' id='word_1_30' title='bbox 1629 627 1764 668; x_wconf 88' lang='lat' dir='ltr'>abbas</span> 
     </span>
     <span class='ocr_line' id='line_1_7' title="bbox 266 696 1764 756; baseline 0.001 -19"><span class='ocrx_word' id='word_1_31' title='bbox 266 696 417 737; x_wconf 79' lang='lat' dir='ltr'>Sancti</span> <span class='ocrx_word' id='word_1_32' title='bbox 441 697 679 741; x_wconf 73' lang='lat' dir='ltr'>Marcialis,</span> <span class='ocrx_word' id='word_1_33' title='bbox 706 697 780 753; x_wconf 87' lang='lat' dir='ltr'>qui</span> <span class='ocrx_word' id='word_1_34' title='bbox 804 706 1077 738; x_wconf 75' lang='lat' dir='ltr'>successerat</span> <span class='ocrx_word' id='word_1_35' title='bbox 1099 696 1309 756; x_wconf 55' lang='lat' dir='ltr'>VWgOssi,</span> <span class='ocrx_word' id='word_1_36' title='bbox 1336 706 1379 739; x_wconf 91' lang='lat' dir='ltr'>et</span> <span class='ocrx_word' id='word_1_37' title='bbox 1405 696 1624 738; x_wconf 89' lang='lat' dir='ltr'>Alduinus</span> <span class='ocrx_word' id='word_1_38' title='bbox 1653 697 1764 755; x_wconf 90' lang='lat' dir='ltr'>epis-</span> 
     </span>
    </p>
   </div>
   <div class='ocr_carea' id='block_1_4' title="bbox 265 768 1765 826">
    <p class='ocr_par' dir='ltr' id='par_1_4' title="bbox 265 768 1765 826">
     <span class='ocr_line' id='line_1_8' title="bbox 265 768 1765 826; baseline 0.001 -18"><span class='ocrx_word' id='word_1_39' title='bbox 265 784 418 825; x_wconf 77' lang='lat' dir='ltr'>copus,</span> <span class='ocrx_word' id='word_1_40' title='bbox 445 768 595 808; x_wconf 85' lang='lat' dir='ltr'>habito</span> <span class='ocrx_word' id='word_1_41' title='bbox 631 768 816 809; x_wconf 87' lang='lat' dir='ltr'>consilio</span> <span class='ocrx_word' id='word_1_42' title='bbox 845 785 942 810; x_wconf 90' lang='lat' dir='ltr'>cum</span> <span class='ocrx_word' id='word_1_43' title='bbox 967 768 1076 809; x_wconf 90' lang='lat' dir='ltr'>duce</span> <span class='ocrx_word' id='word_1_44' title='bbox 1104 768 1359 819; x_wconf 68' lang='lat' dir='ltr'>VVillelmQ</span> <span class='ocrx_word' id='word_1_45' title='bbox 1385 768 1765 826; x_wconf 87' lang='lat' dir='ltr'>triduanumjeju·</span> 
     </span>
    </p>
   </div>
   <div class='ocr_carea' id='block_1_5' title="bbox 267 553 1271 611">
    <p class='ocr_par' dir='ltr' id='par_1_5' title="bbox 267 553 1271 611">
     <span class='ocr_line' id='line_1_9' title="bbox 267 553 1271 611; baseline 0 -16"><span class='ocrx_word' id='word_1_46' title='bbox 267 564 309 596; x_wconf 93' lang='lat' dir='ltr'>et</span> <span class='ocrx_word' id='word_1_47' title='bbox 332 555 566 596; x_wconf 86' lang='lat' dir='ltr'>mulierum</span> <span class='ocrx_word' id='word_1_48' title='bbox 591 571 721 611; x_wconf 88' lang='lat' dir='ltr'>supra</span> <span class='ocrx_word' id='word_1_49' title='bbox 746 570 977 596; x_wconf 88' lang='lat' dir='ltr'>numerum</span> <span class='ocrx_word' id='word_1_50' title='bbox 1007 553 1229 595; x_wconf 84' lang='lat' dir='ltr'>invisibile</span> <span class='ocrx_word' id='word_1_51' title='bbox 1259 554 1271 595; x_wconf 86' lang='lat' dir='ltr'>i</span> 
     </span>
    </p>
   </div>
   <div class='ocr_carea' id='block_1_6' title="bbox 259 839 1767 2188">
    <p class='ocr_par' dir='ltr' id='par_1_6' title="bbox 259 839 1767 2188">
     <span class='ocr_line' id='line_1_10' title="bbox 264 839 1766 897; baseline 0.001 -17"><span class='ocrx_word' id='word_1_52' title='bbox 264 839 384 880; x_wconf 90' lang='lat' dir='ltr'>nium</span> <span class='ocrx_word' id='word_1_53' title='bbox 413 839 695 880; x_wconf 81' lang='lat' dir='ltr'>Lemovicino</span> <span class='ocrx_word' id='word_1_54' title='bbox 720 839 936 881; x_wconf 88' lang='lat' dir='ltr'>indicunt.</span> <span class='ocrx_word' id='word_1_55' title='bbox 960 840 1082 881; x_wconf 90' lang='lat' dir='ltr'>Tunc</span> <span class='ocrx_word' id='word_1_56' title='bbox 1106 856 1258 881; x_wconf 90' lang='lat' dir='ltr'>omnes</span> <span class='ocrx_word' id='word_1_57' title='bbox 1281 840 1544 897; x_wconf 86' lang='lat' dir='ltr'>Aquitaniae</span> <span class='ocrx_word' id='word_1_58' title='bbox 1568 839 1766 897; x_wconf 82' lang='lat' dir='ltr'>episcopi</span> 
     </span>
     <span class='ocr_line' id='line_1_11' title="bbox 263 911 1766 971; baseline 0.001 -20"><span class='ocrx_word' id='word_1_59' title='bbox 263 911 306 952; x_wconf 90' lang='lat' dir='ltr'>in</span> <span class='ocrx_word' id='word_1_60' title='bbox 335 927 468 952; x_wconf 88' lang='lat' dir='ltr'>unum</span> <span class='ocrx_word' id='word_1_61' title='bbox 493 912 748 953; x_wconf 78' lang='lat' dir='ltr'>Lemovieae</span> <span class='ocrx_word' id='word_1_62' title='bbox 773 911 1035 971; x_wconf 84' lang='lat' dir='ltr'>congregati</span> <span class='ocrx_word' id='word_1_63' title='bbox 1059 921 1175 962; x_wconf 86' lang='lat' dir='ltr'>sunt,</span> <span class='ocrx_word' id='word_1_64' title='bbox 1202 928 1388 969; x_wconf 89' lang='lat' dir='ltr'>corpora</span> <span class='ocrx_word' id='word_1_65' title='bbox 1413 928 1588 969; x_wconf 90' lang='lat' dir='ltr'>quoque</span> <span class='ocrx_word' id='word_1_66' title='bbox 1606 921 1648 953; x_wconf 90' lang='lat' dir='ltr'>et</span> <span class='ocrx_word' id='word_1_67' title='bbox 1665 911 1766 953; x_wconf 89' lang='lat' dir='ltr'>reli-</span> 
     </span>
     <span class='ocr_line' id='line_1_12' title="bbox 263 983 1767 1041; baseline 0.001 -19"><span class='ocrx_word' id='word_1_68' title='bbox 263 983 390 1039; x_wconf 88' lang='lat' dir='ltr'>quiae</span> <span class='ocrx_word' id='word_1_69' title='bbox 414 992 664 1024; x_wconf 85' lang='lat' dir='ltr'>sanctorum</span> <span class='ocrx_word' id='word_1_70' title='bbox 706 983 1014 1041; x_wconf 83' lang='lat' dir='ltr'>undecumque</span> <span class='ocrx_word' id='word_1_71' title='bbox 1063 983 1372 1041; x_wconf 76' lang='lat' dir='ltr'>sollempniter</span> <span class='ocrx_word' id='word_1_72' title='bbox 1413 983 1617 1025; x_wconf 77' lang='lat' dir='ltr'>advectae</span> <span class='ocrx_word' id='word_1_73' title='bbox 1665 991 1767 1024; x_wconf 82' lang='lat' dir='ltr'>sunt</span> 
     </span>
     <span class='ocr_line' id='line_1_13' title="bbox 262 1054 1765 1112; baseline 0.001 -18"><span class='ocrx_word' id='word_1_74' title='bbox 262 1054 340 1105; x_wconf 76' lang='lat' dir='ltr'>ibi,</span> <span class='ocrx_word' id='word_1_75' title='bbox 367 1063 407 1095; x_wconf 87' lang='lat' dir='ltr'>et</span> <span class='ocrx_word' id='word_1_76' title='bbox 425 1070 585 1111; x_wconf 85' lang='lat' dir='ltr'>corpus</span> <span class='ocrx_word' id='word_1_77' title='bbox 603 1054 741 1096; x_wconf 89' lang='lat' dir='ltr'>sancti</span> <span class='ocrx_word' id='word_1_78' title='bbox 761 1054 1001 1105; x_wconf 80' lang='lat' dir='ltr'>Marcialis,</span> <span class='ocrx_word' id='word_1_79' title='bbox 1028 1055 1225 1112; x_wconf 82' lang='lat' dir='ltr'>patronii</span> <span class='ocrx_word' id='word_1_80' title='bbox 1243 1055 1428 1106; x_wconf 84' lang='lat' dir='ltr'>Galliae,</span> <span class='ocrx_word' id='word_1_81' title='bbox 1451 1055 1504 1096; x_wconf 92' lang='lat' dir='ltr'>de</span> <span class='ocrx_word' id='word_1_82' title='bbox 1528 1055 1765 1112; x_wconf 86' lang='lat' dir='ltr'>sepulchro</span> 
     </span>
     <span class='ocr_line' id='line_1_14' title="bbox 262 1124 1765 1183; baseline 0.001 -18"><span class='ocrx_word' id='word_1_83' title='bbox 262 1124 450 1166; x_wconf 80' lang='lat' dir='ltr'>levatum</span> <span class='ocrx_word' id='word_1_84' title='bbox 475 1134 555 1171; x_wconf 86' lang='lat' dir='ltr'>est,</span> <span class='ocrx_word' id='word_1_85' title='bbox 594 1126 708 1167; x_wconf 86' lang='lat' dir='ltr'>unde</span> <span class='ocrx_word' id='word_1_86' title='bbox 745 1126 884 1167; x_wconf 86' lang='lat' dir='ltr'>letitia</span> <span class='ocrx_word' id='word_1_87' title='bbox 931 1126 1145 1168; x_wconf 87' lang='lat' dir='ltr'>immensa</span> <span class='ocrx_word' id='word_1_88' title='bbox 1183 1143 1337 1168; x_wconf 91' lang='lat' dir='ltr'>omnes</span> <span class='ocrx_word' id='word_1_89' title='bbox 1372 1126 1533 1183; x_wconf 89' lang='lat' dir='ltr'>repleti</span> <span class='ocrx_word' id='word_1_90' title='bbox 1568 1135 1685 1172; x_wconf 78' lang='lat' dir='ltr'>sunt,</span> <span class='ocrx_word' id='word_1_91' title='bbox 1723 1134 1765 1166; x_wconf 89' lang='lat' dir='ltr'>et</span> 
     </span>
     <span class='ocr_line' id='line_1_15' title="bbox 262 1197 1767 1256; baseline 0.002 -20"><span class='ocrx_word' id='word_1_92' title='bbox 262 1197 404 1237; x_wconf 91' lang='lat' dir='ltr'>omnis</span> <span class='ocrx_word' id='word_1_93' title='bbox 428 1197 661 1239; x_wconf 83' lang='lat' dir='ltr'>infirmitas</span> <span class='ocrx_word' id='word_1_94' title='bbox 690 1198 854 1255; x_wconf 89' lang='lat' dir='ltr'>ubique</span> <span class='ocrx_word' id='word_1_95' title='bbox 871 1199 1057 1240; x_wconf 75' lang='lat' dir='ltr'>cessavit</span> <span class='ocrx_word' id='word_1_96' title='bbox 1086 1208 1354 1256; x_wconf 86' lang='lat' dir='ltr'>pactumque</span> <span class='ocrx_word' id='word_1_97' title='bbox 1375 1199 1496 1256; x_wconf 86' lang='lat' dir='ltr'>pacis</span> <span class='ocrx_word' id='word_1_98' title='bbox 1520 1207 1561 1239; x_wconf 92' lang='lat' dir='ltr'>et</span> <span class='ocrx_word' id='word_1_99' title='bbox 1585 1197 1767 1255; x_wconf 78' lang='lat' dir='ltr'>justicia</span> 
     </span>
     <span class='ocr_line' id='line_1_16' title="bbox 261 1266 1764 1325; baseline 0.001 -18"><span class='ocrx_word' id='word_1_100' title='bbox 261 1282 282 1307; x_wconf 90' lang='lat' dir='ltr'>a</span> <span class='ocrx_word' id='word_1_101' title='bbox 305 1266 414 1308; x_wconf 87' lang='lat' dir='ltr'>duce</span> <span class='ocrx_word' id='word_1_102' title='bbox 441 1277 480 1309; x_wconf 88' lang='lat' dir='ltr'>et</span> <span class='ocrx_word' id='word_1_103' title='bbox 505 1268 784 1325; x_wconf 86' lang='lat' dir='ltr'>principibus</span> <span class='ocrx_word' id='word_1_104' title='bbox 807 1268 1002 1310; x_wconf 80' lang='lat' dir='ltr'>vicissim</span> <span class='ocrx_word' id='word_1_105' title='bbox 1027 1268 1252 1310; x_wconf 88' lang='lat' dir='ltr'>foederata</span> <span class='ocrx_word' id='word_1_106' title='bbox 1273 1279 1355 1310; x_wconf 88' lang='lat' dir='ltr'>est.</span> <span class='ocrx_word' id='word_1_107' title='bbox 1378 1269 1598 1311; x_wconf 89' lang='lat' dir='ltr'>Alduinus</span> <span class='ocrx_word' id='word_1_108' title='bbox 1620 1277 1764 1310; x_wconf 86' lang='lat' dir='ltr'>autem</span> 
     </span>
     <span class='ocr_line' id='line_1_17' title="bbox 262 1338 1766 1401; baseline 0.003 -23"><span class='ocrx_word' id='word_1_109' title='bbox 262 1338 497 1395; x_wconf 89' lang='lat' dir='ltr'>episcopus</span> <span class='ocrx_word' id='word_1_110' title='bbox 528 1340 844 1381; x_wconf 87' lang='lat' dir='ltr'>monasterium</span> <span class='ocrx_word' id='word_1_111' title='bbox 879 1340 1031 1381; x_wconf 79' lang='lat' dir='ltr'>Sancti</span> <span class='ocrx_word' id='word_1_112' title='bbox 1073 1341 1290 1397; x_wconf 77' lang='lat' dir='ltr'>Stephani</span> <span class='ocrx_word' id='word_1_113' title='bbox 1332 1341 1621 1401; x_wconf 73' lang='lat' dir='ltr'>Age11tense²‚</span> <span class='ocrx_word' id='word_1_114' title='bbox 1647 1339 1766 1397; x_wconf 91' lang='lat' dir='ltr'>quod</span> 
     </span>
     <span class='ocr_line' id='line_1_18' title="bbox 262 1409 1765 1472; baseline 0.002 -22"><span class='ocrx_word' id='word_1_115' title='bbox 262 1409 544 1470; x_wconf 77' lang='lat' dir='ltr'>Hildegarius</span> <span class='ocrx_word' id='word_1_116' title='bbox 567 1420 720 1452; x_wconf 88' lang='lat' dir='ltr'>ornate</span> <span class='ocrx_word' id='word_1_117' title='bbox 749 1411 1031 1468; x_wconf 88' lang='lat' dir='ltr'>disposuerat</span> <span class='ocrx_word' id='word_1_118' title='bbox 1053 1412 1097 1452; x_wconf 91' lang='lat' dir='ltr'>in</span> <span class='ocrx_word' id='word_1_119' title='bbox 1128 1428 1286 1472; x_wconf 80' lang='lat' dir='ltr'>magna</span> <span class='ocrx_word' id='word_1_120' title='bbox 1324 1421 1497 1454; x_wconf 82' lang='lat' dir='ltr'>caterva</span> <span class='ocrx_word' id='word_1_121' title='bbox 1531 1412 1765 1453; x_wconf 89' lang='lat' dir='ltr'>monacho-</span> 
     </span>
     <span class='ocr_line' id='line_1_19' title="bbox 262 1482 1764 1541; baseline 0.002 -19"><span class='ocrx_word' id='word_1_122' title='bbox 262 1498 374 1531; x_wconf 78' lang='lat' dir='ltr'>rum,</span> <span class='ocrx_word' id='word_1_123' title='bbox 402 1498 480 1538; x_wconf 90' lang='lat' dir='ltr'>per</span> <span class='ocrx_word' id='word_1_124' title='bbox 502 1482 745 1524; x_wconf 83' lang='lat' dir='ltr'>triennium</span> <span class='ocrx_word' id='word_1_125' title='bbox 768 1492 1004 1541; x_wconf 89' lang='lat' dir='ltr'>antequam</span> <span class='ocrx_word' id='word_1_126' title='bbox 1028 1484 1295 1525; x_wconf 80' lang='lat' dir='ltr'>morereturj</span> <span class='ocrx_word' id='word_1_127' title='bbox 1320 1484 1554 1535; x_wconf 79' lang='lat' dir='ltr'>destruxit,</span> <span class='ocrx_word' id='word_1_128' title='bbox 1581 1493 1623 1525; x_wconf 91' lang='lat' dir='ltr'>et</span> <span class='ocrx_word' id='word_1_129' title='bbox 1639 1500 1764 1525; x_wconf 89' lang='lat' dir='ltr'>cano-</span> 
     </span>
     <span class='ocr_line' id='line_1_20' title="bbox 259 1553 1764 1597; baseline 0.002 -3"><span class='ocrx_word' id='word_1_130' title='bbox 259 1553 382 1594; x_wconf 90' lang='lat' dir='ltr'>nicos</span> <span class='ocrx_word' id='word_1_131' title='bbox 406 1554 467 1595; x_wconf 89' lang='lat' dir='ltr'>ibi</span> <span class='ocrx_word' id='word_1_132' title='bbox 490 1555 701 1596; x_wconf 87' lang='lat' dir='ltr'>restituit.</span> <span class='ocrx_word' id='word_1_133' title='bbox 734 1556 822 1596; x_wconf 89' lang='lat' dir='ltr'>Hac</span> <span class='ocrx_word' id='word_1_134' title='bbox 846 1555 897 1596; x_wconf 94' lang='lat' dir='ltr'>de</span> <span class='ocrx_word' id='word_1_135' title='bbox 922 1571 1034 1596; x_wconf 83' lang='lat' dir='ltr'>noxa</span> <span class='ocrx_word' id='word_1_136' title='bbox 1056 1555 1335 1596; x_wconf 82' lang='lat' dir='ltr'>Lemovieam</span> <span class='ocrx_word' id='word_1_137' title='bbox 1359 1555 1475 1597; x_wconf 87' lang='lat' dir='ltr'>intra</span> <span class='ocrx_word' id='word_1_138' title='bbox 1497 1556 1653 1597; x_wconf 89' lang='lat' dir='ltr'>urbem</span> <span class='ocrx_word' id='word_1_139' title='bbox 1677 1571 1764 1597; x_wconf 89' lang='lat' dir='ltr'>mo-</span> 
     </span>
     <span class='ocr_line' id='line_1_21' title="bbox 262 1626 1763 1688; baseline 0.002 -22"><span class='ocrx_word' id='word_1_140' title='bbox 262 1626 425 1666; x_wconf 90' lang='lat' dir='ltr'>nachos</span> <span class='ocrx_word' id='word_1_141' title='bbox 448 1626 492 1667; x_wconf 92' lang='lat' dir='ltr'>in</span> <span class='ocrx_word' id='word_1_142' title='bbox 514 1627 701 1668; x_wconf 89' lang='lat' dir='ltr'>ecclesia</span> <span class='ocrx_word' id='word_1_143' title='bbox 721 1627 871 1669; x_wconf 82' lang='lat' dir='ltr'>Sancti</span> <span class='ocrx_word' id='word_1_144' title='bbox 892 1627 1076 1668; x_wconf 84' lang='lat' dir='ltr'>Martini</span> <span class='ocrx_word' id='word_1_145' title='bbox 1100 1627 1278 1687; x_wconf 80' lang='lat' dir='ltr'>regulae</span> <span class='ocrx_word' id='word_1_146' title='bbox 1299 1628 1763 1688; x_wconf 82' lang='lat' dir='ltr'>subditosadgregare</span> 
     </span>
     <span class='ocr_line' id='line_1_22' title="bbox 265 1697 1762 1756; baseline 0.002 -19"><span class='ocrx_word' id='word_1_147' title='bbox 265 1697 447 1739; x_wconf 87' lang='lat' dir='ltr'>curavit.</span> <span class='ocrx_word' id='word_1_148' title='bbox 465 1700 579 1756; x_wconf 89' lang='lat' dir='ltr'>Sepe</span> <span class='ocrx_word' id='word_1_149' title='bbox 602 1699 719 1740; x_wconf 89' lang='lat' dir='ltr'>idem</span> <span class='ocrx_word' id='word_1_150' title='bbox 732 1699 967 1749; x_wconf 78' lang='lat' dir='ltr'>Alduinus,</span> <span class='ocrx_word' id='word_1_151' title='bbox 984 1715 1064 1756; x_wconf 92' lang='lat' dir='ltr'>pro</span> <span class='ocrx_word' id='word_1_152' title='bbox 1079 1698 1289 1756; x_wconf 87' lang='lat' dir='ltr'>nequicia</span> <span class='ocrx_word' id='word_1_153' title='bbox 1302 1699 1496 1756; x_wconf 57' lang='lat' dir='ltr'>populik,</span> <span class='ocrx_word' id='word_1_154' title='bbox 1517 1715 1672 1740; x_wconf 78' lang='lat' dir='ltr'>novam</span> <span class='ocrx_word' id='word_1_155' title='bbox 1689 1699 1762 1740; x_wconf 93' lang='lat' dir='ltr'>ob-</span> 
     </span>
     <span class='ocr_line' id='line_1_23' title="bbox 262 1770 1763 1819; baseline 0.002 -10"><span class='ocrx_word' id='word_1_156' title='bbox 262 1770 526 1811; x_wconf 75' lang='lat' dir='ltr'>servantiam</span> <span class='ocrx_word' id='word_1_157' title='bbox 550 1771 797 1819; x_wconf 76' lang='lat' dir='ltr'>constituit,</span> <span class='ocrx_word' id='word_1_158' title='bbox 829 1771 1000 1812; x_wconf 89' lang='lat' dir='ltr'>scilicet</span> <span class='ocrx_word' id='word_1_159' title='bbox 1038 1771 1249 1813; x_wconf 88' lang='lat' dir='ltr'>ecclesias</span> <span class='ocrx_word' id='word_1_160' title='bbox 1279 1780 1322 1812; x_wconf 86' lang='lat' dir='ltr'>et</span> <span class='ocrx_word' id='word_1_161' title='bbox 1363 1771 1630 1812; x_wconf 88' lang='lat' dir='ltr'>monasteria</span> <span class='ocrx_word' id='word_1_162' title='bbox 1667 1786 1763 1812; x_wconf 89' lang='lat' dir='ltr'>ces-</span> 
     </span>
     <span class='ocr_line' id='line_1_24' title="bbox 261 1841 1763 1900; baseline 0.001 -19"><span class='ocrx_word' id='word_1_163' title='bbox 261 1856 356 1881; x_wconf 91' lang='lat' dir='ltr'>sare</span> <span class='ocrx_word' id='word_1_164' title='bbox 378 1857 399 1882; x_wconf 90' lang='lat' dir='ltr'>a</span> <span class='ocrx_word' id='word_1_165' title='bbox 428 1841 576 1883; x_wconf 83' lang='lat' dir='ltr'>divino</span> <span class='ocrx_word' id='word_1_166' title='bbox 600 1842 720 1884; x_wconf 90' lang='lat' dir='ltr'>cultu</span> <span class='ocrx_word' id='word_1_167' title='bbox 749 1852 791 1884; x_wconf 92' lang='lat' dir='ltr'>et</span> <span class='ocrx_word' id='word_1_168' title='bbox 825 1852 975 1884; x_wconf 89' lang='lat' dir='ltr'>sancto</span> <span class='ocrx_word' id='word_1_169' title='bbox 1017 1842 1253 1893; x_wconf 87' lang='lat' dir='ltr'>sacrificio,</span> <span class='ocrx_word' id='word_1_170' title='bbox 1305 1851 1347 1884; x_wconf 89' lang='lat' dir='ltr'>et</span> <span class='ocrx_word' id='word_1_171' title='bbox 1388 1842 1603 1899; x_wconf 89' lang='lat' dir='ltr'>populum</span> <span class='ocrx_word' id='word_1_172' title='bbox 1637 1842 1763 1900; x_wconf 90' lang='lat' dir='ltr'>quasi</span> 
     </span>
     <span class='ocr_line' id='line_1_25' title="bbox 261 1913 1762 1972; baseline 0.001 -19"><span class='ocrx_word' id='word_1_173' title='bbox 261 1928 478 1972; x_wconf 78' lang='lat' dir='ltr'>paganum</span> <span class='ocrx_word' id='word_1_174' title='bbox 503 1930 524 1955; x_wconf 89' lang='lat' dir='ltr'>a</span> <span class='ocrx_word' id='word_1_175' title='bbox 565 1914 724 1956; x_wconf 83' lang='lat' dir='ltr'>divinis</span> <span class='ocrx_word' id='word_1_176' title='bbox 754 1915 958 1957; x_wconf 89' lang='lat' dir='ltr'>laudibus</span> <span class='ocrx_word' id='word_1_177' title='bbox 999 1931 1188 1965; x_wconf 83' lang='lat' dir='ltr'>cessare,</span> <span class='ocrx_word' id='word_1_178' title='bbox 1215 1923 1258 1956; x_wconf 90' lang='lat' dir='ltr'>et</span> <span class='ocrx_word' id='word_1_179' title='bbox 1288 1914 1402 1955; x_wconf 91' lang='lat' dir='ltr'>hanc</span> <span class='ocrx_word' id='word_1_180' title='bbox 1435 1913 1762 1956; x_wconf 87' lang='lat' dir='ltr'>observantiam</span> 
     </span>
     <span class='ocr_line' id='line_1_26' title="bbox 262 1987 1761 2046; baseline 0.002 -20"><span class='ocrx_word' id='word_1_181' title='bbox 262 1987 674 2029; x_wconf 81' lang='lat' dir='ltr'>excommunionem</span> <span class='ocrx_word' id='word_1_182' title='bbox 704 1990 928 2031; x_wconf 87' lang='lat' dir='ltr'>censebat.</span> <span class='ocrx_word' id='word_1_183' title='bbox 956 1989 1077 2031; x_wconf 86' lang='lat' dir='ltr'>Idem</span> <span class='ocrx_word' id='word_1_184' title='bbox 1101 1989 1303 2040; x_wconf 85' lang='lat' dir='ltr'>antistes,</span> <span class='ocrx_word' id='word_1_185' title='bbox 1348 1989 1451 2030; x_wconf 91' lang='lat' dir='ltr'>dum</span> <span class='ocrx_word' id='word_1_186' title='bbox 1491 1988 1682 2046; x_wconf 89' lang='lat' dir='ltr'>populus</span> <span class='ocrx_word' id='word_1_187' title='bbox 1716 1987 1761 2029; x_wconf 91' lang='lat' dir='ltr'>in</span> 
     </span>
     <span class='ocr_line' id='line_1_27' title="bbox 261 2058 1760 2119; baseline 0.001 -20"><span class='ocrx_word' id='word_1_188' title='bbox 261 2058 599 2119; x_wconf 83' lang='lat' dir='ltr'>quadragesima</span> <span class='ocrx_word' id='word_1_189' title='bbox 628 2061 806 2102; x_wconf 77' lang='lat' dir='ltr'>Evauno</span> <span class='ocrx_word' id='word_1_190' title='bbox 836 2077 912 2102; x_wconf 89' lang='lat' dir='ltr'>sua</span> <span class='ocrx_word' id='word_1_191' title='bbox 946 2060 1114 2102; x_wconf 88' lang='lat' dir='ltr'>diocesi</span> <span class='ocrx_word' id='word_1_192' title='bbox 1155 2061 1267 2102; x_wconf 85' lang='lat' dir='ltr'>same</span> <span class='ocrx_word' id='word_1_193' title='bbox 1316 2060 1663 2118; x_wconf 85' lang='lat' dir='ltr'>periclitaretur,</span> <span class='ocrx_word' id='word_1_194' title='bbox 1706 2075 1760 2101; x_wconf 90' lang='lat' dir='ltr'>ne</span> 
     </span>
     <span class='ocr_line' id='line_1_28' title="bbox 261 2131 1760 2188; baseline 0.001 -18"><span class='ocrx_word' id='word_1_195' title='bbox 261 2139 447 2172; x_wconf 88' lang='lat' dir='ltr'>mortem</span> <span class='ocrx_word' id='word_1_196' title='bbox 471 2147 550 2188; x_wconf 90' lang='lat' dir='ltr'>pro</span> <span class='ocrx_word' id='word_1_197' title='bbox 579 2131 691 2173; x_wconf 87' lang='lat' dir='ltr'>fame</span> <span class='ocrx_word' id='word_1_198' title='bbox 714 2133 981 2184; x_wconf 87' lang='lat' dir='ltr'>incurreret,</span> <span class='ocrx_word' id='word_1_199' title='bbox 1007 2132 1167 2175; x_wconf 86' lang='lat' dir='ltr'>indixit</span> <span class='ocrx_word' id='word_1_200' title='bbox 1210 2149 1335 2174; x_wconf 87' lang='lat' dir='ltr'>esum</span> <span class='ocrx_word' id='word_1_201' title='bbox 1382 2132 1596 2182; x_wconf 91' lang='lat' dir='ltr'>carnium,</span> <span class='ocrx_word' id='word_1_202' title='bbox 1631 2140 1675 2173; x_wconf 86' lang='lat' dir='ltr'>et</span> <span class='ocrx_word' id='word_1_203' title='bbox 1706 2131 1760 2172; x_wconf 87' lang='lat' dir='ltr'>ab</span> 
     </span>
    </p>
   </div>
   <div class='ocr_carea' id='block_1_7' title="bbox 260 2208 1761 2339">
    <p class='ocr_par' dir='ltr' id='par_1_7' title="bbox 260 2208 1761 2339">
     <span class='ocr_line' id='line_1_29' title="bbox 260 2208 1761 2267; baseline 0.001 -19"><span class='ocrx_word' id='word_1_204' title='bbox 260 2208 465 2250; x_wconf 89' lang='lat' dir='ltr'>omnibus</span> <span class='ocrx_word' id='word_1_205' title='bbox 505 2209 625 2250; x_wconf 91' lang='lat' dir='ltr'>illius</span> <span class='ocrx_word' id='word_1_206' title='bbox 666 2210 820 2267; x_wconf 91' lang='lat' dir='ltr'>oppidi</span> <span class='ocrx_word' id='word_1_207' title='bbox 868 2227 967 2252; x_wconf 90' lang='lat' dir='ltr'>esca</span> <span class='ocrx_word' id='word_1_208' title='bbox 1010 2219 1210 2267; x_wconf 90' lang='lat' dir='ltr'>sumptae</span> <span class='ocrx_word' id='word_1_209' title='bbox 1253 2219 1355 2251; x_wconf 91' lang='lat' dir='ltr'>sunt</span> <span class='ocrx_word' id='word_1_210' title='bbox 1391 2225 1574 2260; x_wconf 85' lang='lat' dir='ltr'>carnes3</span> <span class='ocrx_word' id='word_1_211' title='bbox 1599 2208 1761 2266; x_wconf 90' lang='lat' dir='ltr'>quibus</span> 
     </span>
     <span class='ocr_line' id='line_1_30' title="bbox 262 2279 1761 2339; baseline 0.001 -18"><span class='ocrx_word' id='word_1_212' title='bbox 262 2279 554 2335; x_wconf 86' lang='lat' dir='ltr'>penitentiam</span> <span class='ocrx_word' id='word_1_213' title='bbox 571 2281 756 2323; x_wconf 88' lang='lat' dir='ltr'>antistes</span> <span class='ocrx_word' id='word_1_214' title='bbox 779 2282 873 2339; x_wconf 92' lang='lat' dir='ltr'>ipse</span> <span class='ocrx_word' id='word_1_215' title='bbox 889 2282 1173 2339; x_wconf 89' lang='lat' dir='ltr'>postmodum</span> <span class='ocrx_word' id='word_1_216' title='bbox 1190 2281 1342 2323; x_wconf 87' lang='lat' dir='ltr'>suasit.</span> <span class='ocrx_word' id='word_1_217' title='bbox 1367 2282 1522 2323; x_wconf 88' lang='lat' dir='ltr'>Frater</span> <span class='ocrx_word' id='word_1_218' title='bbox 1543 2297 1646 2323; x_wconf 87' lang='lat' dir='ltr'>vero</span> <span class='ocrx_word' id='word_1_219' title='bbox 1666 2281 1761 2337; x_wconf 88' lang='lat' dir='ltr'>ejus</span> 
     </span>
    </p>
   </div>
   <div class='ocr_carea' id='block_1_8' title="bbox 262 2416 1762 2502">
    <p class='ocr_par' dir='ltr' id='par_1_8' title="bbox 262 2416 1762 2502">
     <span class='ocr_line' id='line_1_31' title="bbox 305 2416 1762 2460; baseline 0.001 -14"><span class='ocrx_word' id='word_1_220' title='bbox 305 2416 329 2458; x_wconf 81' lang='lat' dir='ltr'>i)</span> <span class='ocrx_word' id='word_1_221' title='bbox 354 2418 513 2458; x_wconf 86' lang='lat' dir='ltr'>patronis</span> <span class='ocrx_word' id='word_1_222' title='bbox 536 2419 579 2451; x_wconf 86' lang='grc' dir='ltr'>Α.</span> <span class='ocrx_word' id='word_1_223' title='bbox 605 2436 645 2442; x_wconf 86' lang='lat'>·—</span> <span class='ocrx_word' id='word_1_224' title='bbox 661 2419 688 2460; x_wconf 82' lang='lat' dir='ltr'>j)</span> <span class='ocrx_word' id='word_1_225' title='bbox 715 2419 881 2450; x_wconf 86' lang='lat' dir='ltr'>suadente</span> <span class='ocrx_word' id='word_1_226' title='bbox 915 2419 1054 2450; x_wconf 82' lang='lat' dir='ltr'>diabolo</span> <span class='ocrx_word' id='word_1_227' title='bbox 1088 2420 1169 2450; x_wconf 76' lang='lat' dir='ltr'>add.</span> <span class='ocrx_word' id='word_1_228' title='bbox 1194 2420 1228 2452; x_wconf 85' lang='lat' dir='ltr'>C.</span> <span class='ocrx_word' id='word_1_229' title='bbox 1245 2437 1285 2443; x_wconf 93' lang='lat'>——</span> <span class='ocrx_word' id='word_1_230' title='bbox 1312 2419 1346 2460; x_wconf 85' lang='lat' dir='ltr'>k)</span> <span class='ocrx_word' id='word_1_231' title='bbox 1368 2430 1432 2460; x_wconf 85' lang='lat' dir='ltr'>pro</span> <span class='ocrx_word' id='word_1_232' title='bbox 1459 2418 1585 2460; x_wconf 84' lang='lat' dir='ltr'>rapina</span> <span class='ocrx_word' id='word_1_233' title='bbox 1611 2417 1762 2449; x_wconf 77' lang='lat' dir='ltr'>militum</span> 
     </span>
     <span class='ocr_line' id='line_1_32' title="bbox 262 2459 826 2502; baseline 0.005 -14"><span class='ocrx_word' id='word_1_234' title='bbox 262 2462 295 2488; x_wconf 85' lang='lat' dir='ltr'>et</span> <span class='ocrx_word' id='word_1_235' title='bbox 315 2459 553 2491; x_wconf 80' lang='lat' dir='ltr'>devastatione</span> <span class='ocrx_word' id='word_1_236' title='bbox 574 2471 770 2502; x_wconf 86' lang='lat' dir='ltr'>pauperum</span> <span class='ocrx_word' id='word_1_237' title='bbox 791 2462 826 2491; x_wconf 82' lang='lat' dir='ltr'>C.</span> 
     </span>
    </p>
   </div>
   <div class='ocr_carea' id='block_1_9' title="bbox 306 2627 1811 2669">
    <p class='ocr_par' dir='ltr' id='par_1_9' title="bbox 306 2627 1811 2669">
     <span class='ocr_line' id='line_1_33' title="bbox 306 2627 1811 2669; baseline 0.001 -13"><span class='ocrx_word' id='word_1_238' title='bbox 306 2627 334 2656; x_wconf 88' lang='lat'>1.</span> <span class='ocrx_word' id='word_1_239' title='bbox 364 2627 415 2666; x_wconf 78' lang='lat' dir='ltr'>Cf.</span> <span class='ocrx_word' id='word_1_240' title='bbox 438 2627 589 2658; x_wconf 81' lang='lat' dir='ltr'>Historia</span> <span class='ocrx_word' id='word_1_241' title='bbox 607 2629 1011 2660; x_wconf 63' lang='lat' dir='ltr'>conciliiLemovicensis.</span> <span class='ocrx_word' id='word_1_242' title='bbox 1030 2639 1061 2659; x_wconf 89' lang='grc' dir='ltr'>α.</span> <span class='ocrx_word' id='word_1_243' title='bbox 1088 2632 1164 2661; x_wconf 81' lang='lat'><em>1031</em></span> <span class='ocrx_word' id='word_1_244' title='bbox 1188 2629 1304 2663; x_wconf 79' lang='lat' dir='ltr'>(Labb.</span> <span class='ocrx_word' id='word_1_245' title='bbox 1327 2630 1382 2665; x_wconf 75' lang='lat' dir='ltr'>IX,</span> <span class='ocrx_word' id='word_1_246' title='bbox 1403 2639 1436 2669; x_wconf 81' lang='lat' dir='ltr'>p.</span> <span class='ocrx_word' id='word_1_247' title='bbox 1465 2628 1550 2668; x_wconf 86' lang='lat'>879).</span> <span class='ocrx_word' id='word_1_248' title='bbox 1585 2627 1760 2668; x_wconf 83' lang='lat' dir='ltr'>Quelques</span> <span class='ocrx_word' id='word_1_249' title='bbox 1809 2640 1811 2642; x_wconf 96' lang='lat'>·</span> 
     </span>
    </p>
   </div>
   <div class='ocr_carea' id='block_1_10' title="bbox 261 2667 1762 2873">
    <p class='ocr_par' dir='ltr' id='par_1_10' title="bbox 263 2667 1760 2711">
     <span class='ocr_line' id='line_1_34' title="bbox 263 2667 1760 2711; baseline 0.001 -14"><span class='ocrx_word' id='word_1_250' title='bbox 263 2667 457 2698; x_wconf 85' lang='lat' dir='ltr'>historiens</span> <span class='ocrx_word' id='word_1_251' title='bbox 478 2669 619 2709; x_wconf 85' lang='lat' dir='ltr'>placent</span> <span class='ocrx_word' id='word_1_252' title='bbox 639 2674 735 2700; x_wconf 84' lang='lat' dir='ltr'>entre</span> <span class='ocrx_word' id='word_1_253' title='bbox 757 2670 934 2703; x_wconf 85' lang='lat' dir='ltr'>Grimoald</span> <span class='ocrx_word' id='word_1_254' title='bbox 952 2674 985 2700; x_wconf 87' lang='lat' dir='ltr'>et</span> <span class='ocrx_word' id='word_1_255' title='bbox 1005 2671 1123 2701; x_wconf 88' lang='lat' dir='ltr'>Rohon</span> <span class='ocrx_word' id='word_1_256' title='bbox 1146 2682 1191 2701; x_wconf 92' lang='lat' dir='ltr'>un</span> <span class='ocrx_word' id='word_1_257' title='bbox 1212 2671 1328 2711; x_wconf 81' lang='lat' dir='ltr'>prelat</span> <span class='ocrx_word' id='word_1_258' title='bbox 1350 2671 1486 2700; x_wconf 74' lang='lat' dir='ltr'>nomme</span> <span class='ocrx_word' id='word_1_259' title='bbox 1519 2669 1714 2701; x_wconf 83' lang='lat' dir='ltr'>Guillaume</span> <span class='ocrx_word' id='word_1_260' title='bbox 1734 2669 1760 2704; x_wconf 93' lang='lat'>1,</span> 
     </span>
    </p>

    <p class='ocr_par' dir='ltr' id='par_1_11' title="bbox 263 2710 1762 2753">
     <span class='ocr_line' id='line_1_35' title="bbox 263 2710 1762 2753; baseline 0.002 -15"><span class='ocrx_word' id='word_1_261' title='bbox 263 2710 347 2739; x_wconf 84' lang='lat' dir='ltr'>dont</span> <span class='ocrx_word' id='word_1_262' title='bbox 361 2710 557 2740; x_wconf 79' lang='lat' dir='ltr'>l&#39;existence</span> <span class='ocrx_word' id='word_1_263' title='bbox 578 2716 631 2741; x_wconf 87' lang='lat' dir='ltr'>est</span> <span class='ocrx_word' id='word_1_264' title='bbox 650 2712 942 2753; x_wconf 81' lang='lat' dir='ltr'>problematique.</span> <span class='ocrx_word' id='word_1_265' title='bbox 967 2713 1013 2742; x_wconf 89' lang='lat' dir='ltr'>La</span> <span class='ocrx_word' id='word_1_266' title='bbox 1034 2713 1114 2743; x_wconf 86' lang='lat' dir='ltr'>liste</span> <span class='ocrx_word' id='word_1_267' title='bbox 1129 2713 1311 2753; x_wconf 75' lang='lat' dir='ltr'>d&#39;eveques</span> <span class='ocrx_word' id='word_1_268' title='bbox 1333 2712 1374 2742; x_wconf 90' lang='lat' dir='ltr'>de</span> <span class='ocrx_word' id='word_1_269' title='bbox 1397 2711 1558 2751; x_wconf 83' lang='lat' dir='ltr'>Limoges</span> <span class='ocrx_word' id='word_1_270' title='bbox 1591 2715 1625 2742; x_wconf 84' lang='lat' dir='ltr'>et</span> <span class='ocrx_word' id='word_1_271' title='bbox 1655 2711 1762 2741; x_wconf 79' lang='lat' dir='ltr'>d’An-</span> 
     </span>
    </p>

    <p class='ocr_par' dir='ltr' id='par_1_12' title="bbox 262 2751 1762 2794">
     <span class='ocr_line' id='line_1_36' title="bbox 262 2751 1762 2794; baseline 0.001 -14"><span class='ocrx_word' id='word_1_272' title='bbox 262 2751 421 2791; x_wconf 75' lang='lat' dir='ltr'>gouleme</span> <span class='ocrx_word' id='word_1_273' title='bbox 445 2751 577 2783; x_wconf 77' lang='lat' dir='ltr'>donnee</span> <span class='ocrx_word' id='word_1_274' title='bbox 600 2753 645 2782; x_wconf 91' lang='lat' dir='ltr'>ici</span> <span class='ocrx_word' id='word_1_275' title='bbox 664 2764 730 2794; x_wconf 88' lang='lat' dir='ltr'>par</span> <span class='ocrx_word' id='word_1_276' title='bbox 745 2754 894 2784; x_wconf 79' lang='lat' dir='ltr'>Ademat·</span> <span class='ocrx_word' id='word_1_277' title='bbox 926 2754 1057 2784; x_wconf 87' lang='lat' dir='ltr'>semble</span> <span class='ocrx_word' id='word_1_278' title='bbox 1077 2759 1205 2784; x_wconf 83' lang='lat' dir='ltr'>exacte.</span> <span class='ocrx_word' id='word_1_279' title='bbox 1227 2754 1288 2784; x_wconf 89' lang='lat' dir='ltr'>Les</span> <span class='ocrx_word' id='word_1_280' title='bbox 1315 2754 1413 2784; x_wconf 84' lang='lat' dir='ltr'>dates</span> <span class='ocrx_word' id='word_1_281' title='bbox 1435 2757 1514 2783; x_wconf 81' lang='lat' dir='ltr'>sont</span> <span class='ocrx_word' id='word_1_282' title='bbox 1539 2752 1762 2783; x_wconf 81' lang='lat' dir='ltr'>incertaines.</span> 
     </span>
    </p>

    <p class='ocr_par' dir='ltr' id='par_1_13' title="bbox 261 2793 1760 2873">
     <span class='ocr_line' id='line_1_37' title="bbox 261 2793 1760 2862; baseline 0.002 -41"><span class='ocrx_word' id='word_1_283' title='bbox 261 2793 332 2862; x_wconf 41' lang='grc' dir='ltr'>ΥΞ.</span> <span class='ocrx_word' id='word_1_284' title='bbox 362 2793 418 2822; x_wconf 63' lang='lat' dir='ltr'>vol</span> <span class='ocrx_word' id='word_1_285' title='bbox 436 2794 789 2826; x_wconf 73' lang='lat' dir='ltr'>Antemonasterium.</span> <span class='ocrx_word' id='word_1_286' title='bbox 817 2814 858 2819; x_wconf 96' lang='lat'>—</span> <span class='ocrx_word' id='word_1_287' title='bbox 878 2796 1149 2836; x_wconf 69' lang='lat' dir='ltr'>Eymoutiers‚c.</span> <span class='ocrx_word' id='word_1_288' title='bbox 1174 2796 1215 2826; x_wconf 88' lang='lat' dir='ltr'>de</span> <span class='ocrx_word' id='word_1_289' title='bbox 1245 2796 1338 2826; x_wconf 86' lang='lat' dir='ltr'>l&#39;arr.</span> <span class='ocrx_word' id='word_1_290' title='bbox 1368 2796 1409 2826; x_wconf 88' lang='lat' dir='ltr'>de</span> <span class='ocrx_word' id='word_1_291' title='bbox 1433 2795 1593 2835; x_wconf 87' lang='lat' dir='ltr'>Limoges</span> <span class='ocrx_word' id='word_1_292' title='bbox 1613 2795 1760 2835; x_wconf 81' lang='lat' dir='ltr'>(Haute-</span> 
     </span>
     <span class='ocr_line' id='line_1_38' title="bbox 292 2836 418 2873; baseline 0 -9"><span class='ocrx_word' id='word_1_293' title='bbox 292 2836 418 2873; x_wconf 72' lang='lat' dir='ltr'>lenne).</span> 
     </span>
    </p>
   </div>
  </div>
 </body>
</html>
