1908 3256
713 318 829 342 hinnu
862 318 1072 343 SECUNDUS
1572 314 1616 349 77

126 408 208 444 lare
230 407 270 443 in
289 406 378 443 loco
399 406 594 451 Bozoiz³’‚
638 407 709 443 sed
741 420 820 443 non
851 408 1107 457 prevalentes
1145 411 1333 460 sugerunt
1371 420 1406 448 ct
1450 413 1615 450 Francis

128 480 266 523 aperta
287 479 348 509 est
375 471 452 508 via.
479 471 556 518 Qui
588 472 844 509 introeuntes
884 473 922 509 in
959 472 1168 511 wessalos
1203 477 1510 525 conquisierunt
1549 492 1616 515 eos

130 550 285 574 omnes.
312 536 494 587 Cumque
514 537 686 574 domnus
706 550 777 574 rex
798 536 971 574 Karolus
994 539 1041 575 ad
1064 538 1194 576 locum
1218 540 1284 590 qui
1301 541 1448 578 dicitur
1463 542 1620 580 Medio-

129 602 215 640 solli
237 601 531 653 conjunxisset,
556 602 611 639 ibi
651 601 832 639 Saxones
858 603 1067 640 venientes
1091 605 1289 641 dederunt
1314 606 1348 642 ci
1382 607 1546 645 obsides
1585 617 1620 645 et

131 675 381 705 sacramenta
417 668 562 705 iterum
596 667 872 705 firmaverunt.
908 667 1198 720 Reversusque
1227 679 1285 707 est
1316 671 1523 722 gloriosus
1553 687 1620 710 rex

132 733 306 771 Karolus
326 733 366 770 in
390 732 600 770 Franciam
620 741 657 770 et
680 733 899 770 celebravit
920 733 1098 771 Natalem
1116 743 1152 771 et
1176 734 1329 772 Pascha
1345 737 1384 773 in
1401 736 1624 775 XVarmatia

130 798 303 836 civitate.
332 798 480 836 Iterum
502 798 579 835 iter
600 799 760 849 peregit
783 799 830 836 ad
855 799 1148 849 disponendam
1170 799 1382 838 Saxoniam
1416 811 1452 839 ct
1479 817 1625 853 pervc-

131 864 188 902 nit
206 865 255 901 ad
278 863 577 915 Eresburgum'‚
603 872 639 901 et
659 864 753 901 inde
782 864 830 901 ad
854 864 984 901 locum
1012 865 1078 901 ubi
1103 864 1247 916 Lippia
1264 868 1474 918 consurgit
1491 869 1624 919 ibique

131 930 320 967 sinodum
334 930 477 967 tenuit.
506 929 602 967 Inde
626 930 703 967 iter
726 930 808 980 egit
839 930 886 967 ad
913 938 1051 980 partes
1078 930 1196 967 Albie
1222 930 1346 977 fluvii,
1389 941 1425 969 et
1464 933 1502 970 in
1536 934 1625 985 ipso

131 995 291 1041 itinere,
316 996 356 1032 in
379 995 588 1046 presentia
609 995 746 1032 domni
773 995 883 1046 regis
908 995 1061 1036 Karoli‚
1081 1009 1219 1033 omnes
1241 996 1625 1048 Bardongavenses¹

133 1069 171 1098 et
192 1060 307 1098 multi
330 1061 378 1098 de
402 1060 651 1098 Nordleudia
674 1061 865 1112 baptizati
886 1069 980 1098 sunt
1002 1061 1041 1097 in
1065 1061 1153 1098 loco
1174 1061 1310 1099 Oraim
1329 1064 1528 1101 Ubacrum
1552 1064 1625 1101 ssu-

130 1126 254 1164 vium.
275 1126 333 1163 Ibi
353 1126 486 1164 omnia
502 1126 721 1177 disposuit,
745 1134 824 1163 tam
849 1125 1063 1163 Saxoniam
1084 1140 1200 1177 quam
1225 1136 1261 1164 et
1283 1128 1464 1174 Sclavos,
1489 1142 1627 1166 rever-

132 1204 284 1242 susque
311 1191 433 1229 estin
467 1191 692 1228 Franciam.
725 1191 838 1228 Tunc
866 1191 954 1242 ipse
981 1191 1191 1242 preclarus
1220 1206 1290 1229 rex
1331 1192 1504 1231 Karolus
1539 1194 1626 1231 iniit

132 1256 348 1294 consilium
371 1264 413 1294 ut
430 1266 624 1309 pergeret
643 1257 812 1294 Romam
836 1257 1033 1294 orationis
1048 1270 1179 1297 causa,
1203 1270 1280 1295 una
1303 1272 1390 1295 cum
1414 1273 1538 1296 uxore
1558 1273 1627 1296 sua

132 1323 282 1359 domna
310 1321 505 1360 Aldeardi
538 1323 694 1374 regina,
726 1331 763 1359 et
797 1323 1018 1360 celebravit
1040 1323 1219 1360 Natalem
1242 1324 1281 1360 in
1306 1324 1430 1375 Papia
1452 1325 1624 1362 civitate.

134 1387 184 1425 Et
207 1388 487 1439 supradictum
505 1401 709 1440 peragens
724 1388 816 1434 iter,
833 1388 1053 1425 celebravit
1071 1388 1225 1426 Pascha
1243 1389 1370 1426 Rome
1388 1399 1423 1427 et
1445 1390 1498 1426 ibi
1519 1390 1627 1442 Pipi-

132 1466 223 1499 nus,
242 1453 348 1490 filius
371 1452 474 1505 ejus,
490 1454 718 1505 baptizatus
735 1462 795 1490 est
814 1455 862 1490 ab
884 1453 1066 1491 Adriano
1081 1467 1200 1505 papa,
1220 1455 1287 1505 qui
1307 1463 1344 1492 et
1362 1455 1449 1506 ipse
1469 1469 1556 1492 eum
1580 1457 1627 1493 dc

134 1520 242 1556 fonte
266 1532 383 1557 sacro
407 1518 628 1570 suscepith.
653 1518 704 1556 Et
738 1520 841 1556 duos
863 1519 967 1556 filios
988 1520 1124 1556 domni
1141 1520 1250 1570 regis
1273 1519 1410 1557 Karoli
1439 1520 1626 1571 Pipinum

133 1592 170 1621 et
190 1583 443 1622 Ludovicum
467 1585 557 1635 ipse
579 1598 685 1635 papa
700 1585 814 1621 unxit
836 1584 876 1621 in
911 1598 1046 1635 reges,
1069 1584 1260 1635 Pipinurn
1280 1585 1319 1622 in
1342 1585 1465 1631 Italia⁷
1491 1586 1628 1623 Ludo-

132 1648 264 1685 vicum
287 1648 328 1685 in
345 1647 582 1699 Aquitania.
608 1648 659 1685 Et
677 1649 850 1685 domnus
874 1661 945 1685 rex
968 1648 1143 1686 Karolus
1163 1648 1406 1686 Mediolanis
1427 1650 1626 1688 civitatem

129 1714 332 1764 pervenit,
363 1721 401 1751 et
437 1714 493 1751 ibi
520 1714 724 1765 baptizata
758 1723 820 1751 est
849 1714 930 1751 filia
966 1712 1052 1765 ejus
1091 1713 1206 1751 Gisla
1238 1715 1285 1751 ab
1319 1714 1627 1767 archiepiscopo

131 1779 284 1816 Thoma
302 1779 371 1830 qui
392 1788 430 1816 et
454 1779 544 1831 ipse
568 1792 654 1816 eam
677 1793 698 1817 a
717 1793 834 1817 sacro
856 1779 1058 1831 baptismo
1086 1780 1271 1817 manibus
1306 1781 1500 1832 suscepit.
1533 1781 1628 1819 Inde

132 1857 202 1881 rex
224 1844 572 1882 clementissimus
597 1844 774 1882 Karolus
797 1858 989 1882 reversus
1015 1853 1076 1882 est
1107 1845 1356 1882 Franciam⁰.
1382 1845 1494 1883 Tunc
1522 1846 1628 1883 misit

133 1923 237 1961 papa
254 1909 460 1948 Adrianus
486 1910 732 1949 Formosum
756 1919 793 1948 et
813 1910 1031 1948 Damasum
1051 1911 1270 1962 episcopos
1289 1911 1338 1948 ad
1357 1910 1626 1956 Tassilonem.

134 1976 277 2013 ducem
297 1974 599 2027 Bajoariorum,
624 1990 704 2014 una
726 1990 815 2014 cum
838 1976 975 2013 missis
995 1976 1132 2013 domni
1152 1977 1262 2027 regis
1292 1975 1445 2022 Karoii,
1470 1977 1629 2014 Riculfo

134 2040 304 2078 diacono
327 2049 365 2078 et
387 2040 616 2087 Eborardo.
639 2041 834 2093 magistro
849 2042 1153 2092 pincernarum,
1171 2042 1219 2078 ad
1239 2042 1573 2079 commonendum
1593 2050 1628 2078 ct

134 2107 442 2144 contestandum
455 2115 497 2144 ut
513 2107 796 2145 reminisceret
808 2106 822 2128 ‘¹
840 2107 1071 2158 priscorum
1086 2116 1428 2145 sacramentorum
1446 2120 1626 2147 suorum.

134 2180 172 2209 et
190 2180 232 2209 ut
249 2185 330 2210 non
354 2172 474 2210 aliter
495 2174 648 2210 faceret
666 2173 746 2210 nisi
775 2173 879 2211 sicut
901 2171 1169 2224 jurejurando
1201 2171 1435 2224 jamdudum
1473 2173 1627 2224 promi-

134 2246 242 2275 serat
271 2239 320 2275 ad
341 2246 497 2289 partem
533 2239 670 2276 domni
700 2238 839 2290 Pipini
874 2239 984 2290 regis
1011 2247 1049 2275 et
1076 2239 1224 2275 domno
1251 2238 1396 2276 Carolo
1411 2238 1512 2289 regi,
1544 2238 1627 2274 filio

135 2301 236 2353 ejus.
263 2303 568 2354 Consensitque
589 2303 764 2348 Tassilo,
783 2304 863 2341 dux
882 2303 1178 2355 Bajoariorum,
1203 2312 1258 2349 ut,
1302 2304 1474 2354 sumptis
1514 2304 1626 2340 obsi-

135 2367 254 2404 dibus
274 2381 295 2405 a
319 2369 468 2406 domno
491 2381 589 2419 rege
617 2367 783 2415 Karolo,
817 2369 864 2406 ad
894 2367 980 2419 ejus
1020 2368 1178 2405 veniret
1209 2368 1472 2418 presentiam.
1509 2367 1625 2414 Quod

135 2445 216 2469 non
241 2433 374 2470 renuit
400 2433 574 2471 domnus
589 2446 661 2470 rex
675 2433 850 2471 Karolus
862 2442 898 2471 et
915 2432 1123 2484 conjunxit
1142 2446 1184 2470 se
1201 2433 1374 2473 Tassilo,
1388 2433 1467 2469 dux
1486 2431 1626 2482 Bajoa-

135 2498 326 2545 riorume,
347 2499 388 2536 in
407 2499 617 2550 presentia
632 2499 771 2536 domni
790 2499 901 2550 regis
924 2499 1063 2536 Karoli
1100 2499 1149 2535 ad
1184 2497 1447 2535 U'armatiam
1484 2497 1624 2534 civita-

134 2562 248 2601 tem‘.
271 2563 330 2601 Ibi
352 2564 565 2602 renovavit
592 2573 844 2602 sacramenta
876 2565 1070 2616 deditque
1107 2576 1163 2601 vn
1202 2563 1367 2601 obsides
1400 2563 1551 2599 electos
1585 2571 1626 2599 ut

176 2734 209 2773 y)
231 2734 349 2764 Bozoit
382 2734 418 2765 Ε.
444 2734 477 2767 F,
501 2733 540 2764 G.
576 2752 616 2756 —
644 2736 672 2771 z)
695 2733 985 2771 Bai-doganenses
1011 2733 1045 2764 F.
1083 2732 1121 2763 G.
1151 2750 1191 2755 —-
1218 2733 1250 2761 (ιζ
1271 2731 1433 2761 Nox-leudi
1464 2731 1499 2763 1³,
1525 2730 1563 2761 G⁴
1588 2748 1627 2752 —

133 2775 169 2815 b)
185 2780 367 2816 susceptus
383 2778 420 2805 A.
437 2794 477 2798 -—-
491 2777 520 2814 ε’)
541 2776 574 2805 in
593 2771 829 2807 1·‘1·anciamF‡
851 2776 891 2806 G.
909 2793 949 2798 —
970 2775 1002 2811 d>
1019 2774 1298 2804 reminisceretur
1317 2773 1350 2807 1³,
1374 2774 1412 2803 (j.
1432 2790 1471 2794 ——-
1503 2783 1531 2799 m
1557 2772 1624 2800 dux

134 2816 377 2856 Bajoariorum
400 2817 494 2846 deest
516 2817 550 2850 1⁸.
575 2816 615 2848 G.
639 2835 679 2839 -—
702 2818 725 2857 s)
748 2817 781 2846 in
810 2816 1001 2847 XVurmatia
1034 2816 1174 2846 civitate
1196 2815 1230 2849 F.
1255 2815 1293 2844 G.
