1908 3256
1570 331 1610 339 μ·-

693 337 808 361 Lini-Lu
841 337 1052 363 SECUNDUS
1575 344 1616 365 μ’)

126 427 242 464 etiam
265 426 440 463 deintus.
468 425 526 462 Ex
550 425 698 475 quibus
717 426 830 462 multi
851 435 1011 463 manent
1034 428 1159 465 adbuc
1196 429 1261 478 qui
1298 429 1430 465 ‹livuut
1464 429 1616 465 vidiss«¹

125 505 167 529 se
186 492 314 528 instar
329 491 499 528 duorum
524 499 731 527 scutorum
755 491 891 527 colore
911 493 1035 528 rubeo
1052 493 1300 529 ssamanrium
1320 502 1355 530 vt
1373 494 1613 543 agilam-ium

128 570 251 608 supra
284 557 412 607 ipsam
445 555 673 592 ecclesiam.
694 555 877 606 Cumque
918 556 991 593 hoc
1027 558 1187 607 signum
1215 559 1413 595 vidissent
1455 559 1616 608 pagani,

127 623 194 674 qui
211 622 346 660 aforis
363 630 492 663 erant,
515 621 649 658 statim
686 622 842 658 confusi
878 631 971 659 sunt
993 632 1027 659 vt
1057 637 1200 673 magno
1223 624 1366 660 timore
1393 625 1618 674 perterriti,

127 689 266 739 sugere
288 695 483 738 ceperunt
503 687 550 723 ad
569 695 715 729 castra,
735 696 773 723 et
789 687 920 723 omnis
945 688 1158 725 multitudo
1181 703 1318 725 vorum
1353 690 1482 737 sugam
1516 689 1618 725 arri-

126 753 301 803 pientes,
325 752 391 789 alii
415 753 463 788 ab
486 752 576 788 aliis
597 752 769 788 invicem
795 752 1157 794 interficiebantur,
1181 763 1217 790 vt
1244 754 1310 803 qni
1347 763 1454 791 retro
1494 754 1619 804 respi-

128 819 286 855 ciebant
305 825 478 868 propter
499 831 691 868 pavorem
708 819 755 854 ab
773 819 1106 855 antecedentibus
1121 819 1270 855 lanceis
1288 819 1622 856 ‹·‹ms‹›dicbanu1r

129 892 167 921 et
189 883 378 921 diversos
402 883 506 920 ictus
529 874 635 919 inter
658 896 700 919 se
723 883 911 933 perpessi
936 892 1029 921 sunt
1051 898 1208 924 omnes,
1249 893 1285 921 vt
1308 885 1442 921 divina
1464 885 1621 921 ulcione

123 948 308 1001 judicati,
330 957 368 986 et
389 956 583 998 quantum
607 961 732 998 super
749 961 818 984 eos
842 948 916 985 Dei
935 949 1065 986 virtus
1095 958 1265 1000 propter
1288 950 1454 986 salutern
1479 949 1623 986 Chris-

128 1015 329 1053 tianorum
352 1022 519 1064 operata
540 1022 616 1057 est,
642 1013 777 1050 nullus
810 1028 976 1051 narrare
1012 1023 1162 1065 potest.
1194 1024 1231 1052 et
1263 1023 1414 1065 (planto
1441 1015 1532 1065 plus
1569 1014 1624 1051 illi

128 1093 279 1131 pavore
295 1078 506 1130 perterriti
530 1087 638 1123 sunt,
658 1087 772 1116 tanto
795 1079 924 1130 magis
949 1079 1172 1117 Christiani
1197 1080 1426 1125 confortati,
1444 1080 1624 1130 omnipo-

129 1154 278 1183 tentem
306 1144 436 1181 Deum
466 1143 685 1181 laudabant
719 1144 787 1194 qui
829 1144 1020 1195 dignatus
1055 1153 1115 1181 est
1147 1146 1364 1181 ostendere
1403 1144 1622 1195 potentiam

129 1223 240 1247 suam
265 1223 391 1261 super
412 1223 557 1246 servos
573 1223 684 1246 suos,
712 1209 769 1246 lta
792 1209 960 1247 Francis
982 1210 1157 1247 viriliter
1177 1210 1478 1255 resistentibus,
1504 1209 1623 1246 Saxo-

129 1289 201 1313 nes
226 1275 327 1312 nihil
355 1274 646 1325 prevaluerunt
679 1283 717 1312 et
754 1274 899 1311 Franci
926 1275 1169 1325 persecuti¹¹¹
1201 1289 1269 1311 eos
1311 1275 1623 1312 intersecerunt¹¹

129 1354 258 1392 usque
281 1341 329 1378 ad
352 1340 500 1377 [lumen
520 1339 704 1391 Lippiam
731 1348 872 1377 etcum
888 1340 1058 1378 victoria
1074 1341 1229 1377 reversi
1253 1349 1359 1377 sunt.
1380 1340 1480 1377 Cum
1494 1349 1623 1377 autem

129 1406 169 1443 in
190 1404 418 1442 XVarmatia
439 1406 610 1442 domnus
633 1418 703 1442 rex
721 1404 893 1442 Carolus
916 1405 988 1442 hec
1010 1406 1205 1447 audisset,
1224 1406 1352 1442 tenuit
1368 1405 1421 1442 ibi
1438 1405 1623 1442 sinodum

129 1479 167 1508 et
187 1471 396 1522 puplicum
413 1470 621 1522 placitum,
637 1479 690 1516 et,
709 1470 882 1507 consilio
899 1470 1051 1515 habito,
1071 1471 1253 1508 introivit
1269 1485 1356 1507 cum
1374 1484 1528 1508 summa
1544 1472 1624 1508 ses-

128 1536 340 1580 tinatione‚
379 1535 466 1573 Deo
505 1534 736 1586 adjuvante,
770 1536 811 1572 in
845 1536 1075 1573 Saxoniam.
1114 1536 1164 1573 Et
1194 1536 1401 1586 perterriti
1443 1536 1624 1573 Saxones

129 1615 271 1639 omnes
288 1602 337 1638 ad
353 1601 485 1638 locum
509 1601 575 1638 ubi
597 1601 742 1652 Lippia
764 1601 991 1652 consurgit,
1015 1611 1214 1639 venerunt
1237 1615 1283 1638 ex
1305 1602 1413 1638 omni
1437 1609 1566 1652 parte,
1588 1609 1626 1638 et

129 1667 281 1704 domno
303 1667 391 1718 regi
416 1666 567 1703 Karolo
590 1680 665 1717 per
703 1666 878 1703 wadium
914 1667 1100 1704 manibus
1133 1667 1216 1704 suis
1258 1667 1525 1704 reddiderunt
1557 1679 1623 1717 pa-

128 1732 247 1770 triam
289 1741 327 1770 et
360 1733 674 1782 spoponderunt
710 1745 752 1768 se
793 1745 885 1769 esse
925 1732 1198 1775 Christianos,
1223 1741 1259 1769 et
1297 1732 1439 1769 itm-um
1472 1731 1622 1769 subditi

130 1806 224 1835 sunt
245 1797 389 1834 ditioni
413 1797 549 1834 domni
569 1797 681 1848 regis
697 1797 850 1834 Karoli.
870 1797 1055 1834 Domnus
1073 1806 1202 1834 autem
1220 1811 1289 1834 rex
1308 1797 1479 1834 Kal-olus
1497 1797 1623 1834 reedi-

128 1862 260 1900 ficavit
282 1862 565 1913 Eresburgum
588 1870 765 1899 castrum
787 1870 826 1899 et
845 1862 939 1899 fecit
953 1862 1061 1899 aliud
1084 1871 1257 1900 rastrum
1277 1876 1400 1913 super
1422 1861 1620 1913 Lippiam.

130 1927 209 1966 Ubi
228 1927 439 1964 venientes
465 1926 647 1964 Saxones
669 1941 747 1964 una
765 1941 853 1965 cum
876 1928 1073 1965 uxoribus
1097 1937 1134 1964 et
1152 1927 1373 1965 infantibus
1392 1927 1623 1964 innumora-

128 1992 223 2029 bilis
247 1992 461 2030 multitudo
485 1992 676 2043 baptizati
698 2001 792 2029 sunt
810 1993 850 2029 in
870 1993 1032 2030 nomine
1050 1993 1182 2029 Patris
1206 2001 1244 2030 et
1266 1992 1355 2029 Filii
1379 2000 1417 2029 et
1449 1992 1624 2042 Spiritus

129 2058 273 2103 sancti,
299 2066 337 2095 et
352 2057 519 2095 obsides
541 2058 743 2095 dederunt
765 2059 914 2095 domno
937 2058 1023 2109 regi
1048 2058 1212 2103 karolo,
1238 2058 1341 2094 sicut
1361 2057 1501 2094 voluit.
1528 2057 1621 2093 Dis-

127 2136 370 2174 ponensque
393 2123 571 2160 domnus
602 2136 672 2160 rex
696 2123 875 2160 Francos
897 2137 972 2174 per
1005 2123 1168 2160 castella
1203 2122 1389 2162 Saxonie,
1432 2136 1622 2159 reversus

129 2193 207 2225 est⁰
229 2188 440 2225 Franciam
463 2196 500 2225 et
517 2187 738 2226 celebravit
753 2188 933 2226 Natalem
948 2188 1111 2226 Domini
1128 2189 1167 2225 in
1185 2187 1394 2225 Aristallio
1415 2195 1451 2223 ot
1472 2186 1621 2223 Pascha

128 2254 168 2290 in
193 2254 406 2305 Niumaga.

182 2323 219 2358 5.
243 2343 294 2347 —
314 2318 434 2356 Anno
462 2319 649 2370 sequenti
675 2320 848 2356 domnus
876 2333 947 2356 rex
989 2319 1161 2356 Karolus
1192 2319 1397 2369 publicum
1434 2318 1619 2354 sinodum

127 2383 265 2421 habuit
285 2385 334 2422 ad
350 2384 672 2421 Paerbrunnem.
694 2384 752 2421 lbi
769 2393 1048 2422 convenerunt
1069 2397 1209 2421 omnes
1235 2383 1377 2420 Franci
1404 2392 1440 2419 vt
1476 2395 1615 2418 omnes

129 2448 327 2493 Saxones,
368 2457 538 2500 excepto
593 2449 702 2499 quod
739 2449 1070 2487 windochindus
1111 2449 1276 2485 rebellis
1312 2447 1442 2485 extitit
1464 2456 1499 2483 vt
1529 2459 1615 2483 (rum

124 2514 264 2566 paucis
303 2514 392 2551 aliis
425 2514 548 2551 sociis
578 2514 662 2551 suis
696 2514 737 2550 in
777 2514 1064 2552 Normanniam
1106 2508 1301 2564 confugit.
1345 2513 1405 2549 Ad
1447 2513 1616 2549 eundem

124 2579 316 2630 placitum
330 2588 532 2617 venerunt
553 2579 767 2616 Sarraceni
784 2580 832 2616 de
856 2579 1053 2630 Hispania
1068 2587 1150 2616 tres
1175 2592 1291 2629 reges
1312 2593 1318 2613 ε
1347 2576 1619 2627 lbrmlarabifg

127 2644 349 2690 Devizefiae
374 2653 412 2682 et
433 2658 560 2695 gener
581 2643 668 2696 ejus
689 2643 867 2682 Alarviz.
895 2644 1035 2696 Ibique
1059 2644 1272 2681 multitudo
1296 2644 1498 2679 Saxonum
1520 2644 1619 2692 bap-

169 2799 216 2839 m)
230 2798 403 2840 persecuti
420 2803 500 2828 sunt
520 2799 555 2833 F,
579 2798 617 2829 G.
640 2816 680 2821 —-
694 2798 729 2837 n)
751 2798 1066 2839 interfeceruntque
1088 2798 1122 2833 F,
1151 2798 1189 2828 G.
1208 2815 1248 2820 —
1268 2798 1300 2836 o)
1329 2807 1487 2826 reversus
1509 2801 1560 2826 est
1581 2796 1613 2825 in

128 2840 164 2877 F,
188 2840 227 2871 G.
243 2858 284 2862 —
303 2841 339 2881 p)
355 2840 532 2870 Ibnalarai
550 2840 588 2869 F.
611 2858 652 2862 —
672 2840 705 2880 q)
728 2839 877 2870 Deiuzefi
895 2840 929 2869 F.
