1908 3256
304 268 351 303 ts
821 273 1006 299 ADEMAni
1040 273 1279 299 cunoxicox

296 377 415 418 atque
444 367 683 417 sapientem,
707 378 825 416 quem
841 365 889 402 ad
907 378 949 401 se
971 363 1212 401 accersitum
1245 364 1322 400 ait:
1356 380 1372 399 «
1405 364 1563 402 Vallant
1595 378 1656 402 me
1679 366 1797 403 undi-

300 452 314 467 «
342 447 417 484 que
440 432 641 483 angustie,
666 431 822 482 etquid
851 430 989 467 faciam
1018 429 1179 480 ignoro,
1205 429 1301 480 quia
1334 429 1501 467 veniunt
1535 430 1602 467 hiu
1630 432 1799 469 barbari

300 516 316 534 ι(
342 512 466 549 super
482 511 555 535 nos
572 506 627 539 ut.
650 497 768 534 nobis
787 495 1059 546 interemptis,
1086 495 1294 546 regionem
1320 504 1443 533 totam
1466 505 1662 534 evertant.
1684 513 1700 532 »
1735 496 1801 534 Ad

298 565 368 602 hec
387 564 562 601 Aredius
579 564 632 601 ait
658 579 663 599 :
693 562 902 613 «Oportet
930 570 967 599 te
998 561 1124 598 lenire
1155 561 1353 598 feritatem
1383 561 1559 599 hominis
1582 561 1721 614 hujus,
1749 576 1799 600 ne

301 647 316 665 α
342 644 500 681 pereas.
527 629 642 667 Nunc
660 642 774 680 ergo,
796 628 829 665 si
852 627 998 678 placet,
1034 627 1072 663 in
1115 626 1242 664 oculis
1274 627 1353 664 tuis
1377 641 1452 678 ego
1475 641 1495 664 a
1516 636 1554 665 te
1582 629 1722 680 fugere
1753 629 1803 665 ad

300 714 315 731 «
342 709 513 747 eumque
537 695 712 733 transire
737 708 797 731 me
824 693 970 730 simulo
985 698 1012 729 V.
1053 692 1236 743 Cumque
1272 694 1320 730 ad
1344 707 1433 730 eum
1473 707 1703 741 accessero,
1726 707 1802 746 ego

301 779 316 796 t(
344 762 481 798 faciam
504 770 546 798 ut
576 774 710 811 neque
749 769 802 805 te,
843 772 974 809 neque
1013 758 1113 795 hanc
1153 766 1296 795 noceat
1335 758 1562 810 regionem,
1584 768 1739 797 tantum
1761 767 1805 797 ut

302 846 316 861 «
344 828 452 878 quod
474 827 634 877 tibiper
658 840 792 864 meum
835 824 1051 862 consilium
1092 825 1395 862 demandaverit
1416 825 1586 876 implere
1621 827 1801 873 studeas,

302 911 316 927 t(
344 894 472 930 ‹lonec
515 906 674 930 causam
712 901 818 929 tuam
862 890 1063 927 Dominus
1095 903 1338 941 prosperam
1372 892 1502 928 facere
1544 905 1616 929 sua
1655 891 1804 943 pietate

303 976 318 993 «
339 959 580 1010 dignetur».
601 958 731 996 Etille
751 974 758 994 ;
786 975 801 992 (ι
823 957 998 1002 Faciam,
1025 956 1183 1006 inquid,
1200 970 1454 1007 quecumque
1486 957 1742 995 mandaveris
1767 973 1802 994 ».

302 1023 386 1061 Hec
403 1038 449 1061 co
472 1024 646 1064 dicente,
686 1023 773 1061 vale
797 1023 937 1060 dicens
980 1021 1158 1059 Aredius
1187 1021 1394 1067 discessit,
1420 1031 1458 1059 et
1479 1024 1528 1060 ad
1552 1022 1805 1061 Clodoveum

301 1095 439 1141 regern
456 1089 595 1127 abiens
618 1089 694 1126 ait:
722 1106 738 1124 α
766 1088 871 1125 Ecce
895 1101 970 1139 ego
992 1096 1086 1124 tuus
1109 1087 1313 1133 humilis&
1328 1087 1513 1138 piissime
1530 1089 1678 1134 rex,ad
1698 1097 1806 1126 tuam

308 1173 322 1189 (ε
350 1155 569 1206 potentiam
599 1155 735 1199 venio,
762 1155 1002 1205 relinquens
1040 1153 1152 1191 illum
1187 1153 1463 1191 miserrimum
1490 1154 1803 1192 Gundobadum.

310 1238 324 1255 t(
353 1222 471 1269 Quod
507 1221 540 1257 si
575 1234 636 1258 me
675 1221 805 1271 pietas
836 1224 931 1257 tuass‘
951 1219 1136 1270 recipere
1172 1219 1402 1270 dignatur²‚
1439 1219 1643 1271 integrum
1676 1220 1717 1257 in
1745 1233 1807 1257 me

308 1305 322 1322 α
353 1287 541 1324 famulum
564 1296 684 1338 atque
700 1287 860 1324 fidelem
878 1295 916 1324 et
935 1294 977 1323 tu
993 1294 1031 1323 et
1052 1285 1210 1336 posteri
1222 1285 1280 1323 tui
1302 1285 1518 1323 habebitis.
1548 1301 1564 1321 »
1591 1286 1720 1334 Quem
1741 1286 1807 1323 ille

305 1353 612 1404 promptissime
632 1353 846 1404 colligens,
884 1366 1020 1390 secum
1055 1351 1235 1389 retinuit.
1271 1351 1369 1389 Erat
1401 1351 1506 1388 enim
1529 1350 1734 1403 jocundus
1767 1352 1807 1389 in

308 1418 468 1464 fabulis,
494 1427 685 1456 strenuus
710 1418 749 1454 in
767 1417 968 1460 consiliis,
989 1415 1125 1467 justus
1160 1417 1201 1453 in
1227 1415 1410 1467 judiciis,
1436 1425 1474 1454 et
1514 1417 1553 1454 in
1589 1417 1808 1455 commisso

307 1484 452 1521 fidelis.
478 1484 665 1535 Denique
689 1484 899 1522 Clodoveo
929 1496 1017 1520 cum
1041 1483 1150 1520 omni
1184 1483 1363 1520 exercitu
1389 1483 1497 1520 circa
1532 1497 1671 1521 muros
1693 1483 1808 1521 urbis

308 1550 528 1593 residente,
547 1550 599 1587 ait
621 1549 798 1587 Aredius
818 1565 824 1586 :
845 1566 861 1584 «
890 1549 931 1586 Si
956 1549 1188 1600 dignanter,
1214 1563 1236 1585 o
1258 1563 1344 1595 rex,
1361 1549 1616 1586 celsitudinis
1630 1558 1696 1587 tue
1717 1549 1809 1601 glo-

309 1632 325 1651 «
344 1616 423 1652 riaa
439 1629 590 1666 paucos
607 1616 846 1653 humilitatis
865 1629 952 1653 mee
977 1628 1189 1652 sermones
1206 1613 1351 1652 velletb
1366 1615 1567 1666 accipere,
1593 1615 1810 1653 consilium

309 1697 325 1716 ε(
345 1681 438 1718 licet
459 1695 540 1718 non
556 1695 692 1733 egeas,
712 1690 846 1719 tamen
863 1681 942 1719 fide
966 1680 1126 1732 integra
1147 1680 1402 1717 ministrabo.
1423 1680 1616 1732 Idemque
1630 1681 1717 1719 velc
1731 1680 1805 1718 tibi

308 1762 324 1781 ι(
344 1760 568 1798 congruum
591 1747 655 1784 vel
677 1747 911 1785 civitatibus
935 1746 1114 1797 erit,per
1130 1759 1230 1797 quas
1253 1746 1428 1784 transire
1457 1746 1677 1784 deliberas.
1709 1746 1807 1794 Cur,

308 1828 325 1847 «
350 1812 506 1863 inquid,
525 1813 677 1851 retines
695 1813 920 1851 exercitum
936 1826 1027 1850 cum
1049 1812 1138 1850 loco
1160 1812 1396 1849 firmissimo
1418 1820 1511 1850 tuus
1527 1812 1705 1850 resideat
1730 1812 1810 1850 ini-

309 1894 325 1913 «
344 1878 471 1915 micus
491 1881 505 1914 ,³
527 1878 804 1930 Depopularis
827 1886 1095 1930 agrOS‚prata
1116 1877 1320 1929 depascis,
1338 1877 1478 1916 vineas
1507 1878 1705 1925 dissecas,
1732 1877 1810 1916 oli-
1843 1915 1845 1918 Α

309 1959 324 1978 t<
342 1943 458 1981 veta‘l
483 1945 713 1992 succendis,
733 1945 950 1995 omnisque
967 1944 1149 1996 regionis
1185 1944 1339 1981 fructus
1367 1944 1545 1990 evertis;
1581 1943 1744 1982 interim
1772 1951 1812 1981 et

309 2026 324 2045 κ
343 2009 402 2047 illi
419 2023 567 2048 nocere
600 2010 701 2048 nihil
722 2010 926 2062 prevales.
958 2009 1074 2047 Mitte
1107 2009 1244 2061 potius
1273 2009 1518 2061 legationem
1545 2018 1584 2047 et
1615 2010 1811 2048 tributum

309 2092 324 2110 ι(
344 2076 454 2126 quod
468 2075 541 2113 tibi
556 2076 672 2113 annis
690 2076 866 2128 singulis
902 2076 1046 2123 solvat,
1069 2076 1232 2127 impone
1249 2084 1291 2113 ut
1309 2084 1347 2113 et
1369 2075 1484 2128 regio
1507 2076 1617 2114 salva
1633 2076 1685 2114 sit
1709 2084 1748 2114 et
1767 2083 1811 2113 ut

308 2141 498 2179 «tributa
536 2142 710 2180 solventi
738 2152 940 2194 perpetuo
979 2142 1216 2180 domineris.
1263 2142 1382 2190 Quod
1416 2142 1450 2179 si
1479 2142 1671 2188 noluerit,
1715 2150 1810 2180 tunc

308 2208 452 2258 «quod
474 2208 639 2246 libuerit
664 2209 839 2246 facias».
866 2209 956 2257 Quo
979 2208 1152 2246 consilio
1181 2222 1252 2246 rex
1280 2217 1461 2260 accepto,
1488 2208 1647 2246 hostem
1679 2208 1810 2259 patrie

304 2273 438 2310 redire
464 2272 580 2324 jubet
600 2280 613 2295 ‘³
632 2275 681 2311 ad
702 2275 884 2325 propria.
905 2274 1034 2320 Tunc,
1050 2274 1175 2312 missa
1206 2274 1409 2326 legatione
1427 2274 1477 2311 ad
1495 2274 1809 2320 Gundobadum,

304 2346 347 2375 ut
369 2338 403 2375 ei
418 2352 493 2389 per
508 2339 694 2390 singulos
712 2353 841 2377 annos
860 2340 1013 2377 tributa
1028 2339 1219 2391 imposita
1234 2340 1406 2377 reddere
1446 2340 1591 2377 debeat
1606 2338 1738 2391 jubet.
1757 2337 1812 2376 At

304 2404 370 2441 ille
387 2413 425 2441 et
447 2405 495 2441 de
508 2406 693 2456 presenti
717 2406 840 2443 solvit
858 2414 896 2443 et
913 2406 1108 2457 deinceps
1139 2405 1366 2444 soluturum
1382 2404 1394 2427 f
1408 2419 1450 2443 se
1475 2419 1566 2443 esse
1587 2405 1807 2456 promittit.

307 2468 538 2509 Clodoveus
560 2484 673 2519 vero,
692 2471 837 2510 ablatis
859 2477 876 2500 g
891 2471 1109 2520 thesauris,
1140 2485 1229 2510 cum
1250 2473 1378 2524 preda
1413 2470 1585 2509 maxima
1617 2484 1811 2509 reversus

348 2661 383 2702 u)
402 2660 458 2691 hic
479 2658 516 2696 E,
552 2660 588 2697 F,
612 2661 650 2692 G.
680 2679 721 2685 --
735 2661 768 2703 v)
791 2661 985 2693 simulabor
1000 2663 1038 2693 D.
1055 2680 1097 2687 —·
1115 2662 1148 2705 x)
1164 2663 1306 2694 humilis
1328 2663 1421 2692 deest
1443 2662 1478 2699 F,
1502 2661 1542 2693 G.
1565 2680 1606 2686 —
1625 2662 1660 2703 y)
1683 2660 1812 2703 pietate

308 2705 367 2733 tua
400 2703 438 2732 D.
472 2702 585 2742 pietas
617 2707 734 2733 vestra
767 2704 803 2733 F.
832 2722 873 2728 —-
886 2706 917 2742 z)
937 2704 1143 2745 dignaretur
1163 2706 1200 2735 E.
1216 2724 1257 2728 —
1276 2705 1308 2744 a)
1325 2704 1478 2745 gloriam
1498 2705 1535 2735 E.
1558 2704 1647 2744 —h)
1663 2703 1751 2735 velis
1772 2704 1810 2733 E.

308 2744 391 2775 velit
411 2745 446 2775 F.
464 2744 503 2774 G.
519 2761 560 2766 —
579 2744 608 2784 c)
632 2745 686 2775 vel
713 2745 806 2774 deest
826 2746 862 2780 F,
899 2746 937 2776 G.
960 2764 1002 2769 —-
1021 2747 1055 2787 d)
1078 2747 1224 2778 olivetas
1240 2747 1278 2782 E,
1294 2764 1335 2770 -
1355 2747 1385 2787 e)
1403 2745 1513 2787 jussit
1535 2746 1574 2782 D,
1591 2746 1628 2782 E,
1655 2745 1691 2783 F,
1716 2745 1756 2776 G.
1771 2762 1814 2769 —-

310 2787 335 2826 s)
352 2785 536 2816 soliturum
562 2785 601 2815 D.
624 2786 833 2817 solviturum
848 2788 884 2823 F,
902 2787 945 2818 G.
964 2806 1006 2811 --
1026 2792 1060 2829 g)
1084 2788 1237 2829 acceptis
1252 2789 1288 2818 F.
