1908 3256
662 307 776 331 {ABER
811 306 963 331 PRIMUS
1528 300 1551 329 {l

65 417 80 435 «
104 408 188 437 tere
205 400 253 436 ad
274 411 445 449 regnum
458 397 705 434 Francorum
724 395 816 446 quia
829 395 1035 445 pacificata
1049 405 1138 432 sunt
1154 396 1301 432 omnia.
1314 412 1329 429 >³
1351 396 1418 432 lllc
1435 410 1546 435 vcro,

62 477 314 517 cognoscens
331 463 405 500 hoc
422 463 584 514 signum
602 461 811 499 dimidium
828 475 1008 503 aureum,
1039 462 1233 498 intellexit
1262 469 1371 498 corta
1398 462 1545 498 indicia

62 531 169 582 quod
185 543 206 567 a
223 529 389 566 Francis
403 529 706 566 desideraretur
723 543 731 573 3
756 527 941 578 ipsisque
958 528 1211 578 rogantibuS,
1230 540 1419 564 reversus
1436 535 1496 563 est
1512 527 1550 563 in

63 608 230 647 regnum
248 608 377 632 suum.
391 594 491 632 Nam
506 595 598 631 dum
615 593 654 630 in
666 593 867 644 Toringa³
885 593 970 637 fuit,
987 606 1075 630 cum
1093 593 1408 643 Basinaregina.
1428 605 1550 628 uxore

64 661 206 712 Bysini
222 660 348 711 regis,
374 660 463 710 ipse
496 658 753 696 Childericus
777 672 847 696 rex
882 658 1122 695 adulterium
1152 658 1366 695 commisit.
1405 658 1550 707 Regno

65 728 311 765 Francorum
332 718 497 776 recepto
513 738 534 762 a
556 724 789 762 Cliilderico
812 723 840 769 b,
867 724 1056 775 Egidium
1077 724 1304 775 principem
1327 723 1551 760 Romanum

63 794 240 842 desuper
255 805 297 828 se
318 791 463 828 Franci
479 790 721 841 expulerunt
742 803 920 841 aregno.
955 789 1106 826 Basina
1144 802 1304 839 quoque
1326 788 1392 825 illa
1415 788 1555 839 regina

64 857 209 903 Bisini,
233 856 344 908 regis
361 856 651 907 Toringorum,
677 855 820 893 relicto
838 855 926 893 viro
944 868 1032 899 suo,
1058 855 1105 892 ad
1129 854 1406 891 Childericum
1428 853 1551 890 venit.

65 924 246 974 Cumque
268 922 566 974 interrogasset
597 934 682 958 eam
700 921 797 971 quid
821 929 1011 971 quereret
1039 928 1103 957 aut
1139 933 1214 970 pro
1244 933 1322 970 qua
1355 932 1474 955 causa
1507 919 1555 955 ad

65 1002 152 1026 eum
181 989 229 1025 de
269 996 348 1025 tam
383 987 607 1038 longinqua
649 986 817 1037 regione
854 986 1049 1029 venisset,
1088 985 1355 1036 respondisse
1398 985 1523 1020 fertur
1547 999 1553 1019 z

67 1071 82 1090 «
108 1053 211 1092 Novi
232 1053 443 1091 utilitatem
461 1061 498 1090 et
510 1052 854 1104 pulchritudinem
874 1061 980 1090 tuam
995 1052 1103 1102 quod
1119 1050 1228 1088 utilis
1247 1050 1303 1086 sis
1327 1058 1363 1086 et
1378 1049 1555 1099 sapiens,

67 1136 83 1155 «
109 1120 200 1157 ideo
221 1119 313 1157 veni
334 1127 377 1156 ut
392 1118 567 1156 habitem
581 1127 726 1156 tecum.
744 1118 843 1155 Nam
858 1118 891 1154 si
907 1118 947 1154 in
967 1116 1157 1154 extremis
1179 1116 1327 1152 finibus
1351 1114 1472 1151 maris
1486 1113 1558 1151 uti-

68 1202 84 1220 «
106 1185 248 1222 liorem
264 1193 301 1222 te
324 1184 626 1235 cognovissem,
644 1184 778 1235 ipsum
802 1192 840 1220 et
859 1183 1055 1234 petissem
1071 1188 1083 1202 ‘⁷
1104 1190 1222 1232 atque
1246 1181 1281 1218 ei
1299 1194 1360 1217 me
1377 1179 1559 1229 copulas-

69 1267 85 1285 «
112 1263 243 1287 sem».
264 1249 334 1287 Ille
347 1250 529 1301 gaudens
546 1250 595 1286 ad
617 1248 849 1300 conjugium
867 1246 1007 1286 suum‘1
1021 1260 1104 1284 eam
1128 1246 1343 1298 copulavit.
1364 1245 1434 1281 Illa
1446 1257 1557 1287 vero,

68 1316 302 1367 concipiens
319 1329 367 1353 ex
383 1329 444 1361 eo,
463 1315 623 1366 peperit
638 1315 761 1352 filium
783 1314 1022 1364 vocavitque
1036 1326 1182 1350 nomen
1196 1310 1282 1363 ejus
1294 1310 1557 1348 Clodoveum.

68 1381 142 1418 Hic
163 1381 234 1418 fuit
255 1395 326 1419 rex
348 1394 517 1432 magnus
541 1394 666 1432 super
696 1393 836 1417 omnes
865 1392 985 1431 reges
1019 1378 1267 1416 Francorum
1297 1384 1335 1414 et
1356 1383 1561 1427 pugnator

69 1446 332 1484 fortissimus

127 1514 163 1552 7.
189 1535 240 1540 —
263 1511 307 1549 In
337 1512 417 1549 illis
450 1512 609 1557 diebus,
646 1518 843 1562 ceperunt
873 1509 1018 1547 Franci
1052 1508 1322 1560 Agrippinam
1362 1506 1561 1544 civitatem

70 1577 406 1629 superHrenum,
426 1585 756 1628 vocaveruntque
779 1589 864 1613 eam
892 1575 1118 1619 Coloniam,
1144 1573 1259 1625 quasi
1293 1572 1425 1611 coloni
1453 1570 1561 1608 inha-

68 1644 243 1681 bitarent
263 1643 304 1681 in
331 1657 431 1681 eam.
461 1643 612 1681 Multos
639 1642 815 1694 populos
841 1642 1117 1679 Romanorum
1140 1654 1161 1677 a
1181 1647 1294 1691 parte
1320 1638 1457 1689 Egidii
1482 1637 1563 1674 illic

68 1710 372 1754 interfecerunt,
388 1709 526 1760 etipse
550 1709 721 1760 Egidius
745 1707 904 1759 fugiens
927 1706 1068 1744 evasit.
1084 1706 1388 1755 Venientesque
1417 1703 1562 1739 Treve-

68 1775 126 1813 ris
143 1775 359 1820 civitatem‚
385 1788 510 1825 super
532 1774 744 1812 Mosellam
766 1773 946 1817 fluvium,
970 1779 1230 1810 vastaverunt
1259 1779 1389 1808 terras
1416 1769 1503 1806 illas
1526 1777 1565 1805 et

69 1841 198 1892 ipsam
225 1841 518 1878 succendentes
542 1845 776 1891 ceperunt0.
803 1839 903 1876 Post
919 1838 991 1876 hec
1007 1838 1145 1889 igitur,
1170 1844 1351 1874 mortuus
1374 1843 1436 1872 est
1471 1834 1564 1885 Egi-

71 1906 177 1951 dius,
202 1906 478 1944 Romanorum
494 1919 580 1950 rex,
606 1914 644 1943 et
658 1904 842 1956 Siagrius
860 1904 964 1941 filius
989 1902 1074 1955 ejus
1095 1903 1133 1940 in
1156 1915 1326 1953 regnum
1349 1899 1435 1952 ejus
1457 1913 1564 1937 rese-

71 1971 449 2023 dit,constituitque
481 1972 618 2008 sedem
641 1971 758 2022 regni
782 1970 844 2007 sui
874 1970 915 2006 in
945 1968 1180 2007 Suessionis
1211 1967 1368 2005 civitate
1394 1965 1417 2002 f.
1453 1966 1564 2002 Tunc

73 2037 328 2074 Childericus
351 2050 423 2074 rex
453 2037 669 2074 commovit
698 2036 942 2073 maximumg
965 2034 1183 2072 exercitum
1207 2030 1410 2070 hostium¹¹
1443 2031 1564 2068 Fran—

71 2116 209 2140 corum
231 2111 269 2140 et
289 2115 418 2153 usque
431 2101 664 2140 Aurelianis
695 2101 897 2139 civitatem
924 2100 1125 2152 pervenit,
1150 2108 1187 2137 et
1214 2108 1344 2136 terras
1374 2097 1560 2135 vastavit.

70 2167 343 2220 Adovagrius,
367 2167 620 2205 Saxonorum
638 2166 644 2188 i
662 2167 756 2211 dux,
776 2180 865 2204 cum
899 2166 1028 2203 navali
1051 2165 1166 2202 hoste
1197 2178 1272 2215 per
1302 2176 1410 2200 mare
1436 2175 1563 2212 usque

71 2232 304 2284 Andegavis
327 2232 528 2270 civitatem
550 2233 675 2277 venit,
710 2232 899 2283 illamque
922 2240 1070 2269 terram
1100 2229 1324 2275 succendit,
1350 2237 1388 2265 et
1423 2240 1566 2277 magna

72 2307 165 2336 tunc
188 2299 308 2336 cedes
337 2298 419 2335 illic
453 2297 557 2335 fuiti.
588 2298 799 2336 Redeunte
826 2298 952 2349 igitur
983 2295 1216 2347 Adovagrio
1239 2296 1286 2332 de
1309 2293 1560 2343 Andegavis,

74 2363 345 2408 ChildericuS,
363 2377 435 2401 rex
451 2363 714 2408 Francorum,
734 2363 913 2401 exercitu
929 2370 1144 2406 commoto,
1163 2361 1242 2397 illic
1256 2359 1437 2403 advenit3
1463 2357 1563 2394 Pau-

73 2429 153 2466 lum
183 2429 370 2467 comitem
404 2428 472 2480 qui
505 2429 560 2466 ibi
591 2437 690 2474 erat,
725 2428 888 2474 occidit,
925 2428 1136 2479 ipsamque
1180 2427 1320 2463 urbem
1362 2423 1481 2473 cepit,
1504 2421 1564 2472 {ct

72 2495 234 2532 domum
256 2508 333 2546 que
356 2495 486 2532 inerat
522 2508 567 2532 ea
588 2494 747 2532 civitate
778 2494 871 2546 igne
904 2492 1128 2537 succendit,
1162 2492 1336 2541 indeque
1368 2501 1562 2526 reversus

73 2568 148 2598 est.

73 2678 164 2719 —a)
180 2678 357 2720 Thoringa
378 2679 416 2714 D,
439 2679 476 2713 Ε,
494 2679 528 2714 F
552 2678 591 2709 G.
613 2678 702 2719 ——b)
723 2679 871 2719 Recepto
894 2676 1087 2707 Chssderim
1110 2676 1147 2708 D
1172 2675 1208 2706 Ε
1239 2674 1277 2702 (¹1.
1297 2681 1379 2711 ——c)
1409 2670 1565 2710 cxpetisa

76 2720 192 2750 semE.
209 2738 249 2742 —
269 2720 303 2761 d)
321 2731 423 2750 suum
443 2720 537 2750 deest
551 2721 588 2750 D.
594 2720 697 2761 —-e*)
720 2720 807 2750 Nam
828 2723 929 2749 antea
940 2719 982 2748 ab
1007 2718 1032 2748 ἱ
1039 2717 1091 2747 nis
1115 2718 1227 2746 suniat
1249 2714 1406 2744 dirutict
1428 2711 1529 2741 uini(
1535 2715 1565 2740 t-

76 2761 155 2790 add.
180 2761 216 2791 C
231 2779 273 2784 ——-
292 2762 316 2803 f>
337 2761 524 2796 civitatem,
542 2763 578 2791 A.
601 2761 691 2802 —g)
714 2761 903 2791 maximum
919 2760 1061 2789 αἐεείΓ.
1079 2776 1120 2780 -
1142 2758 1175 2798 h)
1191 2756 1341 2786 hostium
1364 2754 1457 2782 (Ιιυςέ
1480 2754 1512 2782 F.
1525 2770 1566 2775 -—

76 2802 99 2849 i)
117 2803 290 2832 Saxonum
310 2804 345 2833 F.
369 2803 408 2834 G.
429 2803 528 2850 ——j*)
544 2803 640 2834 Adov
644 2802 759 2833 acrius
780 2803 898 2843 itaque
919 2802 960 2831 de
981 2799 1179 2840 Andegavis
1202 2798 1255 2829 vel
1284 2797 1323 2826 de
1339 2795 1418 2825 aliis
1440 2794 1565 2824 civita-

76 2843 169 2874 tibus
184 2844 323 2874 obsides
350 2844 485 2886 accepit
505 2844 576 2874 add
596 2843 636 2876 G.
