1908 3256
681 326 797 351 Lmizn
831 326 983 351 PRIMUS
1518 322 1566 355 553

76 413 378 467 probatissimis
397 413 497 451 viris
520 413 761 450 inlustribus
784 415 831 450 ad
852 415 1118 451 conterendas
1160 425 1301 465 gentes
1333 418 1504 454 rebelles
1527 420 1564 456 in

77 480 154 517 fide
178 479 332 525 statuit,
357 487 409 523 et,
432 492 530 530 pace
554 487 725 529 patrata,
748 479 989 529 Lugdunum
1025 480 1223 518 civitatem
1256 482 1340 517 suis
1382 483 1566 519 fidelibus

76 544 486 591 tradidit,etfi1·matis
510 543 715 581 federibus
734 543 961 594 judiciariis
979 558 1168 582 reversus
1185 554 1244 582 est
1267 547 1395 583 victor
1411 548 1566 584 inluvia-

75 610 169 648 liter
188 623 329 661 agens.
365 609 408 646 In
431 609 510 646 illis
534 609 684 660 quippe
706 609 849 646 diebus
872 609 986 646 Eudo
1009 611 1086 647 (lux
1112 619 1294 648 mortuus
1334 621 1408 649 est.
1451 614 1565 659 Quod

76 675 261 720 audiens,
300 674 474 712 Karolus
514 674 742 717 Martellus,
775 675 873 711 inito
913 675 1085 712 consilio
1137 690 1350 727 procerum
1385 691 1564 721 suorum,

76 742 208 779 denuo
231 740 409 792 Ligerim
432 740 594 777 transiit
617 754 745 791 usque
769 740 1000 778 Garonnam
1023 750 1060 778 et
1082 741 1349 792 Diu-degalain
1367 743 1565 780 civitatem

74 806 184 844 venit
205 814 243 843 et
264 814 440 843 castrum
463 805 603 843 Blavia
643 806 748 856 cepit
770 806 999 851 obsidione,
1028 814 1065 843 et
1088 815 1209 844 totam
1233 808 1337 843 illam
1359 808 1563 857 regionem

75 870 309 924 subjugavit
330 884 419 909 cum
453 871 624 908 urbibus
649 884 692 908 ac
717 872 980 917 suburbanis,
1005 880 1042 909 et
1065 872 1196 909 victor
1211 886 1297 909 cum
1321 887 1417 924 pace
1441 887 1564 910 reme-

74 937 169 975 avit.
212 937 372 974 Deinde
402 937 451 973 ad
482 936 807 973 crudelissimam
850 946 1012 988 gentem
1056 938 1281 975 Frcsonum
1330 939 1562 975 maritimam

74 1002 195 1040 nimis
224 1001 445 1039 crudeliter
478 1002 756 1047 rebellantem,
794 1003 923 1039 navali
956 1003 1164 1039 evectione
1199 1004 1379 1040 certatim
1415 1018 1564 1054 prope-

73 1067 175 1105 ravit
208 1076 247 1105 et
276 1067 399 1105 altum
434 1080 542 1104 mare
564 1067 719 1104 intrans
743 1068 971 1118 penetravit
1006 1068 1160 1105 insulas
1197 1082 1334 1105 eorum
1363 1068 1561 1112 Animam,

75 1133 322 1171 Strachiam⁰
342 1141 380 1170 et
400 1132 639 1170 Astracham
662 1142 700 1170 et
721 1147 846 1183 super
862 1133 1066 1170 Buronem
1084 1134 1244 1171 fluvium
1263 1143 1392 1171 castra
1408 1148 1563 1185 ponens

75 1198 287 1236 Bobonem
309 1199 451 1236 ducem
473 1198 635 1235 illorum
658 1198 955 1235 fraudulentum
973 1199 1248 1235 consiliarium
1275 1199 1490 1243 interfecit,
1527 1208 1565 1236 et

73 1277 232 1302 omnem
254 1264 473 1301 exercitum
490 1263 715 1301 Fresonum
732 1264 867 1315 gladio
882 1265 1118 1314 prostravit,
1138 1266 1225 1301 sana
1241 1278 1377 1301 eorum
1395 1265 1564 1301 idolatra

72 1329 264 1366 contrivit
286 1337 323 1366 et
346 1329 571 1366 combussit
592 1329 701 1380 igne,
727 1337 762 1365 et
788 1343 875 1365 cum
899 1329 1055 1380 magnis
1076 1329 1218 1380 spoliis
1236 1338 1272 1366 et
1290 1330 1415 1380 preda
1435 1329 1565 1367 victor

70 1407 261 1432 reversus
285 1403 346 1432 est
378 1394 418 1431 in
448 1407 620 1445 regnum
656 1394 919 1431 Francorum.
947 1394 1095 1432 Iterum
1137 1403 1336 1431 commoto
1368 1395 1559 1440 exercitu,

70 1459 348 1511 Burgundiam
371 1459 528 1511 dirigit,
554 1468 592 1497 et
613 1461 661 1497 de
684 1459 883 1511 Lugduno
915 1473 1044 1510 usque
1084 1460 1382 1497 'Massiliensem
1423 1461 1560 1496 urbem

68 1524 132 1562 vel
154 1523 360 1562 Arlatumv
383 1534 525 1562 cuncta
546 1525 586 1562 in
610 1538 719 1562 suam
742 1533 985 1575 potestatem
1019 1525 1179 1575 subegit
1213 1533 1250 1561 et
1284 1538 1371 1561 cum
1406 1525 1561 1575 magnis

68 1589 273 1627 thesauris
297 1598 334 1627 et
356 1590 592 1628 muneribus
615 1591 656 1627 in
680 1591 817 1627 sedem
842 1590 1089 1627 Francorum
1108 1590 1312 1627 remeavit.
1351 1590 1446 1626 Item
1470 1603 1560 1626 con-

68 1662 130 1692 tra
153 1654 335 1692 Saxones
364 1655 668 1707 paganissimos
692 1656 952 1700 rebellantes,
979 1655 1046 1706 qui
1070 1655 1251 1692 Ilrenum
1278 1655 1440 1692 fluvium
1463 1668 1561 1691 con-

69 1720 235 1765 sistunt,
254 1728 445 1758 strenuus
467 1721 531 1758 vir
553 1721 724 1759 Carolus
742 1721 898 1758 hostem
915 1721 1130 1758 commovit
1148 1721 1394 1757 Francorum
1411 1720 1449 1756 in
1472 1719 1559 1755 loco

66 1785 132 1822 ubi
155 1785 301 1837 Lippia
322 1786 468 1824 fluvius
484 1786 667 1823 Hrenum
683 1787 823 1824 intrat.
843 1786 931 1834 Quo
954 1795 1214 1827 transmeato,
1235 1786 1443 1822 maximam
1470 1798 1558 1835 par-

67 1858 146 1888 tem
167 1851 350 1902 regionis
373 1851 483 1889 illius
504 1852 728 1903 prostravit
750 1861 787 1889 et
809 1860 970 1903 gentem
993 1851 1099 1888 illam
1117 1851 1368 1888 sevissimam
1387 1851 1558 1887 tributa-

66 1915 165 1952 riam
187 1916 281 1954 fecit
302 1926 341 1955 et
357 1917 497 1968 plures
513 1918 680 1955 obsides
694 1919 742 1954 ab
759 1917 816 1955 eis
834 1917 1004 1968 accepit,
1023 1917 1161 1967 sicque
1175 1916 1317 1961 victor,
1337 1915 1558 1966 opitulante

70 1980 283 2027 Dominoq,
309 1983 504 2020 remeavit
525 1984 574 2020 ad
594 1983 778 2034 propria.

120 2049 182 2084 54.
216 2070 268 2075 —
306 2047 366 2085 Eo
402 2056 601 2099 tempore,
644 2062 746 2100 gens
787 2048 1010 2085 fortissima
1052 2047 1407 2084 Hismahelitarum
1454 2060 1556 2097 quos

67 2111 314 2150 Sarracenos
338 2122 531 2164 corrupto
552 2114 750 2151 vocabulo
773 2122 1021 2164 nuncupant,
1039 2113 1299 2164 irruperuntr
1322 2112 1554 2149 IIrodanum

65 2177 246 2224 fluvium,
273 2179 631 2217 consencientibus
664 2179 897 2216 infidelibus
922 2178 1183 2223 Christianis,
1209 2186 1245 2215 et
1268 2191 1340 2228 per
1361 2177 1495 2214 dolum
1519 2185 1555 2213 et

65 2243 247 2280 fraudem
270 2257 358 2281 cum
381 2257 476 2295 rege
503 2258 575 2281 suo
609 2244 838 2289 Mauranto,
861 2243 1140 2281 Avennionem
1168 2245 1307 2280 urbem
1330 2241 1554 2279 munitissi-

66 2321 168 2345 mam
190 2322 234 2345 ac
256 2317 511 2346 montuosam
534 2310 834 2361 ingrediuntur,
859 2319 897 2347 et
927 2309 1096 2347 collecto
1114 2309 1237 2346 multo
1259 2308 1417 2359 agmine
1441 2308 1553 2343 Sara-

67 2386 275 2419 cenorum,
311 2377 525 2413 vastabant
565 2389 640 2426 per
685 2375 896 2412 circuitum
933 2388 1072 2412 omnes
1107 2374 1311 2425 regiones
1351 2373 1461 2410 Tunc
1494 2372 1556 2409 vir

65 2439 272 2490 egregius,
298 2439 472 2478 Karolus
495 2441 589 2487 dux,
614 2454 849 2492 germanum
891 2453 1005 2477 suum
1030 2439 1373 2477 Cllildebrandum
1396 2439 1552 2479 ducem,

64 2503 195 2541 virum
217 2505 479 2550 industrium,
499 2519 587 2543 cum
602 2506 773 2556 reliquis
787 2506 958 2543 ducibus
972 2513 1008 2542 et
1025 2504 1240 2541 comitibus
1257 2517 1344 2541 cum
1360 2510 1552 2554 apparatu

65 2567 204 2606 hostili
233 2569 330 2607 illuc
353 2570 514 2608 direxit.
541 2570 617 2618 Qui
638 2583 814 2621 propere
836 2570 884 2607 ad
907 2570 1072 2606 eandem
1095 2570 1234 2606 urbem
1250 2567 1550 2619 pe1·venienteS‚

66 2634 244 2672 tentoria
264 2635 487 2682 instruunt,
517 2636 697 2687 undique
719 2635 825 2673 circa
864 2635 995 2686 ipsum
1018 2634 1212 2685 oppidum
1250 2642 1287 2671 et
1323 2633 1553 2670 suburbana

68 2828 92 2858 d
110 2787 504 2871 &effimxffmstr'achiam
526 2789 561 2821 F.
588 2806 632 2862 Γ-
689 2793 698 2830 )
725 2791 902 2821 Arelatum
933 2788 969 2824 1⁴¹,
998 2787 1039 2819 G.
1063 2805 1101 2812 —-
1123 2791 1157 2829 q)
1180 2787 1371 2829 opitulante
1392 2785 1547 2820 Domino,

93 2839 146 2858 ees
205 2853 212 2866 ‚
249 2830 357 2861 ¹.—r
390 2831 569 2862 irruerunt
602 2838 625 2867 ⁴,
665 2832 687 2861 ¹.
