<?xml version="1.0" encoding="UTF-8"?>
<!DOCTYPE html PUBLIC "-//W3C//DTD XHTML 1.0 Transitional//EN"
    "http://www.w3.org/TR/xhtml1/DTD/xhtml1-transitional.dtd">
<html xmlns="http://www.w3.org/1999/xhtml" xml:lang="en" lang="en">
 <head>
  <title>
</title>
<meta http-equiv="Content-Type" content="text/html;charset=utf-8" />
  <meta name='ocr-system' content='tesseract 3.04.00' />
  <meta name='ocr-capabilities' content='ocr_page ocr_carea ocr_par ocr_line ocrx_word'/>
</head>
<body>
  <div class='ocr_page' id='page_1' title='image "./chronique00aduoft_0220.png"; bbox 0 0 1908 3256; ppageno 0'>
   <div class='ocr_carea' id='block_1_1' title="bbox 22 638 76 662">
    <p class='ocr_par' dir='ltr' id='par_1_1' title="bbox 22 638 76 662">
     <span class='ocr_line' id='line_1_1' title="bbox 22 638 76 662; baseline 0 -3"><span class='ocrx_word' id='word_1_1' title='bbox 22 638 76 662; x_wconf 57' lang='lat' dir='ltr'>{UO</span> 
     </span>
    </p>
   </div>
   <div class='ocr_carea' id='block_1_2' title="bbox 0 1144 165 1173">
    <p class='ocr_par' dir='ltr' id='par_1_2' title="bbox 0 1144 165 1173">
     <span class='ocr_line' id='line_1_2' title="bbox 0 1144 165 1173; baseline -0.018 0"><span class='ocrx_word' id='word_1_2' title='bbox 0 1166 3 1173; x_wconf 91' lang='lat'>.</span> <span class='ocrx_word' id='word_1_3' title='bbox 19 1144 35 1171; x_wconf 83' lang='lat'><strong>3</strong></span> <span class='ocrx_word' id='word_1_4' title='bbox 49 1144 165 1171; x_wconf 72' lang='lat' dir='ltr'>sevrier</span> 
     </span>
    </p>
   </div>
   <div class='ocr_carea' id='block_1_3' title="bbox 206 248 1183 283">
    <p class='ocr_par' dir='ltr' id='par_1_3' title="bbox 206 248 1183 283">
     <span class='ocr_line' id='line_1_3' title="bbox 206 248 1183 283; baseline -0.001 -1"><span class='ocrx_word' id='word_1_5' title='bbox 206 248 279 283; x_wconf 71' lang='lat'>150</span> <span class='ocrx_word' id='word_1_6' title='bbox 722 257 908 281; x_wconf 66' lang='lat' dir='ltr'>Ammmu</span> <span class='ocrx_word' id='word_1_7' title='bbox 942 256 1183 281; x_wconf 67' lang='lat' dir='ltr'>cuaoxlcox</span> 
     </span>
    </p>
   </div>
   <div class='ocr_carea' id='block_1_4' title="bbox 199 328 1709 1977">
    <p class='ocr_par' dir='ltr' id='par_1_4' title="bbox 203 328 1707 445">
     <span class='ocr_line' id='line_1_4' title="bbox 203 328 1707 387; baseline 0 -16"><span class='ocrx_word' id='word_1_8' title='bbox 203 330 294 371; x_wconf 91' lang='lat' dir='ltr'>rico</span> <span class='ocrx_word' id='word_1_9' title='bbox 313 330 487 371; x_wconf 85' lang='lat' dir='ltr'>insidiis</span> <span class='ocrx_word' id='word_1_10' title='bbox 511 330 838 373; x_wconf 84' lang='lat' dir='ltr'>circumventus</span> <span class='ocrx_word' id='word_1_11' title='bbox 857 338 1010 386; x_wconf 85' lang='lat' dir='ltr'>captus</span> <span class='ocrx_word' id='word_1_12' title='bbox 1034 337 1116 379; x_wconf 86' lang='lat' dir='ltr'>est,</span> <span class='ocrx_word' id='word_1_13' title='bbox 1143 337 1185 370; x_wconf 83' lang='lat' dir='ltr'>et</span> <span class='ocrx_word' id='word_1_14' title='bbox 1207 328 1491 386; x_wconf 86' lang='lat' dir='ltr'>imperatoris</span> <span class='ocrx_word' id='word_1_15' title='bbox 1510 329 1707 387; x_wconf 86' lang='lat' dir='ltr'>privatus</span> 
     </span>
     <span class='ocr_line' id='line_1_5' title="bbox 204 403 524 445; baseline -0.003 0"><span class='ocrx_word' id='word_1_16' title='bbox 204 403 480 445; x_wconf 86' lang='lat' dir='ltr'>ornamentis</span> <span class='ocrx_word' id='word_1_17' title='bbox 496 407 524 444; x_wconf 90' lang='lat'>¹.</span> 
     </span>
    </p>

    <p class='ocr_par' dir='ltr' id='par_1_5' title="bbox 199 474 1709 1977">
     <span class='ocr_line' id='line_1_6' title="bbox 261 474 1709 534; baseline -0.002 -15"><span class='ocrx_word' id='word_1_18' title='bbox 261 476 333 519; x_wconf 63' lang='grc'>34.</span> <span class='ocrx_word' id='word_1_19' title='bbox 353 501 411 506; x_wconf 84' lang='grc'>-</span> <span class='ocrx_word' id='word_1_20' title='bbox 430 477 601 530; x_wconf 84' lang='lat' dir='ltr'>Quibus</span> <span class='ocrx_word' id='word_1_21' title='bbox 623 476 900 534; x_wconf 79' lang='lat' dir='ltr'>temporibus</span> <span class='ocrx_word' id='word_1_22' title='bbox 923 475 1191 516; x_wconf 89' lang='lat' dir='ltr'>Aldebertus</span> <span class='ocrx_word' id='word_1_23' title='bbox 1216 489 1363 515; x_wconf 89' lang='lat' dir='ltr'>comes</span> <span class='ocrx_word' id='word_1_24' title='bbox 1396 474 1676 532; x_wconf 85' lang='lat' dir='ltr'>supradictus</span> <span class='ocrx_word' id='word_1_25' title='bbox 1693 475 1709 502; x_wconf 72' lang='lat'>2</span> 
     </span>
     <span class='ocr_line' id='line_1_7' title="bbox 203 544 1708 607; baseline -0.001 -19"><span class='ocrx_word' id='word_1_26' title='bbox 203 548 605 607; x_wconf 83' lang='lat' dir='ltr'>Petragoricensis,</span> <span class='ocrx_word' id='word_1_27' title='bbox 645 549 761 590; x_wconf 83' lang='lat' dir='ltr'>filius</span> <span class='ocrx_word' id='word_1_28' title='bbox 797 547 986 589; x_wconf 83' lang='lat' dir='ltr'>Bosonis</span> <span class='ocrx_word' id='word_1_29' title='bbox 1020 545 1168 589; x_wconf 73' lang='lat' dir='ltr'>Vetu&#39;li</span> <span class='ocrx_word' id='word_1_30' title='bbox 1203 561 1256 587; x_wconf 83' lang='lat' dir='ltr'>ex</span> <span class='ocrx_word' id='word_1_31' title='bbox 1296 562 1448 587; x_wconf 88' lang='lat' dir='ltr'>sorore</span> <span class='ocrx_word' id='word_1_32' title='bbox 1490 544 1708 587; x_wconf 88' lang='lat' dir='ltr'>Bernardi</span> 
     </span>
     <span class='ocr_line' id='line_1_8' title="bbox 205 617 1705 678; baseline -0.001 -16"><span class='ocrx_word' id='word_1_33' title='bbox 205 620 465 678; x_wconf 81' lang='lat' dir='ltr'>supradicti,</span> <span class='ocrx_word' id='word_1_34' title='bbox 484 621 664 662; x_wconf 89' lang='lat' dir='ltr'>nomine</span> <span class='ocrx_word' id='word_1_35' title='bbox 687 621 856 670; x_wconf 86' lang='lat' dir='ltr'>Emma,</span> <span class='ocrx_word' id='word_1_36' title='bbox 883 618 936 660; x_wconf 91' lang='lat' dir='ltr'>ad</span> <span class='ocrx_word' id='word_1_37' title='bbox 958 619 1113 660; x_wconf 90' lang='lat' dir='ltr'>urbem</span> <span class='ocrx_word' id='word_1_38' title='bbox 1136 617 1328 659; x_wconf 82' lang='lat' dir='ltr'>Pictavis</span> <span class='ocrx_word' id='word_1_39' title='bbox 1351 617 1516 659; x_wconf 90' lang='lat' dir='ltr'>bellum</span> <span class='ocrx_word' id='word_1_40' title='bbox 1539 618 1705 668; x_wconf 83' lang='lat' dir='ltr'>intulit,</span> 
     </span>
     <span class='ocr_line' id='line_1_9' title="bbox 204 690 1707 750; baseline -0.001 -15"><span class='ocrx_word' id='word_1_41' title='bbox 204 703 246 735; x_wconf 91' lang='lat' dir='ltr'>et</span> <span class='ocrx_word' id='word_1_42' title='bbox 267 693 408 735; x_wconf 77' lang='lat' dir='ltr'>victor</span> <span class='ocrx_word' id='word_1_43' title='bbox 431 693 613 744; x_wconf 37' lang='lat' dir='ltr'>extitit&amp;</span> <span class='ocrx_word' id='word_1_44' title='bbox 640 710 720 750; x_wconf 90' lang='lat' dir='ltr'>pro</span> <span class='ocrx_word' id='word_1_45' title='bbox 750 709 800 734; x_wconf 93' lang='lat' dir='ltr'>eo</span> <span class='ocrx_word' id='word_1_46' title='bbox 824 692 1011 734; x_wconf 80' lang='lat' dir='ltr'>maxime</span> <span class='ocrx_word' id='word_1_47' title='bbox 1040 691 1142 748; x_wconf 87' lang='lat' dir='ltr'>quia</span> <span class='ocrx_word' id='word_1_48' title='bbox 1181 690 1451 741; x_wconf 81' lang='lat' dir='ltr'>inconsulto,</span> <span class='ocrx_word' id='word_1_49' title='bbox 1471 699 1707 749; x_wconf 83' lang='lat' dir='ltr'>antequam</span> 
     </span>
     <span class='ocr_line' id='line_1_10' title="bbox 204 763 1706 820; baseline -0.003 -12"><span class='ocrx_word' id='word_1_50' title='bbox 204 766 437 818; x_wconf 85' lang='lat' dir='ltr'>deberent,</span> <span class='ocrx_word' id='word_1_51' title='bbox 464 767 580 807; x_wconf 83' lang='lat' dir='ltr'>cives</span> <span class='ocrx_word' id='word_1_52' title='bbox 604 766 643 807; x_wconf 89' lang='lat' dir='ltr'>ei</span> <span class='ocrx_word' id='word_1_53' title='bbox 666 766 831 808; x_wconf 91' lang='lat' dir='ltr'>bellum</span> <span class='ocrx_word' id='word_1_54' title='bbox 849 764 1111 806; x_wconf 87' lang='lat' dir='ltr'>intulerunt.</span> <span class='ocrx_word' id='word_1_55' title='bbox 1137 764 1303 805; x_wconf 82' lang='lat' dir='ltr'><strong>Urbem</strong></span> <span class='ocrx_word' id='word_1_56' title='bbox 1321 778 1497 820; x_wconf 87' lang='lat' dir='ltr'>quoque</span> <span class='ocrx_word' id='word_1_57' title='bbox 1515 763 1706 805; x_wconf 90' lang='lat' dir='ltr'>Turonis</span> 
     </span>
     <span class='ocr_line' id='line_1_11' title="bbox 203 835 1703 893; baseline -0.001 -13"><span class='ocrx_word' id='word_1_58' title='bbox 203 838 437 880; x_wconf 87' lang='lat' dir='ltr'>obsidione</span> <span class='ocrx_word' id='word_1_59' title='bbox 475 838 677 880; x_wconf 80' lang='lat' dir='ltr'>affectam</span> <span class='ocrx_word' id='word_1_60' title='bbox 722 838 765 879; x_wconf 90' lang='lat' dir='ltr'>in</span> <span class='ocrx_word' id='word_1_61' title='bbox 807 837 1081 878; x_wconf 88' lang='lat' dir='ltr'>deditionem</span> <span class='ocrx_word' id='word_1_62' title='bbox 1123 835 1310 893; x_wconf 80' lang='lat' dir='ltr'>accepit,</span> <span class='ocrx_word' id='word_1_63' title='bbox 1368 844 1411 877; x_wconf 84' lang='lat' dir='ltr'>et</span> <span class='ocrx_word' id='word_1_64' title='bbox 1467 836 1703 888; x_wconf 89' lang='lat' dir='ltr'>Fulchoni,</span> 
     </span>
     <span class='ocr_line' id='line_1_12' title="bbox 203 907 1706 970; baseline -0.001 -20"><span class='ocrx_word' id='word_1_65' title='bbox 203 909 354 951; x_wconf 90' lang='lat' dir='ltr'>comiti</span> <span class='ocrx_word' id='word_1_66' title='bbox 376 910 704 970; x_wconf 76' lang='lat' dir='ltr'>Andegavensi‚</span> <span class='ocrx_word' id='word_1_67' title='bbox 731 909 926 959; x_wconf 80' lang='lat' dir='ltr'>donavit,</span> <span class='ocrx_word' id='word_1_68' title='bbox 953 908 1030 950; x_wconf 88' lang='lat' dir='ltr'>sed</span> <span class='ocrx_word' id='word_1_69' title='bbox 1056 908 1130 950; x_wconf 83' lang='lat' dir='ltr'>ille</span> <span class='ocrx_word' id='word_1_70' title='bbox 1154 907 1335 968; x_wconf 83' lang='lat' dir='ltr'>ingenio</span> <span class='ocrx_word' id='word_1_71' title='bbox 1352 907 1528 949; x_wconf 79' lang='lat' dir='ltr'>dolosos</span> <span class='ocrx_word' id='word_1_72' title='bbox 1545 907 1706 950; x_wconf 73' lang='lat' dir='ltr'>civium</span> 
     </span>
     <span class='ocr_line' id='line_1_13' title="bbox 204 979 1706 1040; baseline -0.001 -16"><span class='ocrx_word' id='word_1_73' title='bbox 204 983 348 1025; x_wconf 86' lang='lat' dir='ltr'>amisit</span> <span class='ocrx_word' id='word_1_74' title='bbox 369 992 467 1040; x_wconf 88' lang='lat' dir='ltr'>post</span> <span class='ocrx_word' id='word_1_75' title='bbox 485 983 727 1039; x_wconf 88' lang='lat' dir='ltr'>paululum,</span> <span class='ocrx_word' id='word_1_76' title='bbox 749 991 791 1024; x_wconf 87' lang='lat' dir='ltr'>et</span> <span class='ocrx_word' id='word_1_77' title='bbox 806 982 967 1023; x_wconf 88' lang='lat' dir='ltr'>iterum</span> <span class='ocrx_word' id='word_1_78' title='bbox 985 980 1082 1022; x_wconf 89' lang='lat' dir='ltr'>Odo</span> <span class='ocrx_word' id='word_1_79' title='bbox 1106 979 1449 1037; x_wconf 75' lang='lat' dir='ltr'>Campanensis³</span> <span class='ocrx_word' id='word_1_80' title='bbox 1474 996 1567 1021; x_wconf 88' lang='lat' dir='ltr'>eam</span> <span class='ocrx_word' id='word_1_81' title='bbox 1584 996 1706 1022; x_wconf 88' lang='lat' dir='ltr'>recu-</span> 
     </span>
     <span class='ocr_line' id='line_1_14' title="bbox 203 1051 1707 1111; baseline -0.001 -15"><span class='ocrx_word' id='word_1_82' title='bbox 203 1054 405 1111; x_wconf 61' lang='lat' dir='ltr'>peras-itt.</span> <span class='ocrx_word' id='word_1_83' title='bbox 431 1055 530 1096; x_wconf 81' lang='lat' dir='ltr'>Dux</span> <span class='ocrx_word' id='word_1_84' title='bbox 552 1070 655 1095; x_wconf 74' lang='lat' dir='ltr'>vero</span> <span class='ocrx_word' id='word_1_85' title='bbox 685 1053 940 1098; x_wconf 58' lang='lat' dir='ltr'>XVillelmus</span> <span class='ocrx_word' id='word_1_86' title='bbox 974 1052 1018 1093; x_wconf 88' lang='lat' dir='ltr'>in</span> <span class='ocrx_word' id='word_1_87' title='bbox 1054 1051 1298 1093; x_wconf 85' lang='lat' dir='ltr'>monastico</span> <span class='ocrx_word' id='word_1_88' title='bbox 1326 1051 1481 1092; x_wconf 86' lang='lat' dir='ltr'>habitu</span> <span class='ocrx_word' id='word_1_89' title='bbox 1511 1052 1707 1094; x_wconf 90' lang='lat' dir='ltr'>seculum</span> 
     </span>
     <span class='ocr_line' id='line_1_15' title="bbox 204 1123 1708 1184; baseline -0.001 -17"><span class='ocrx_word' id='word_1_90' title='bbox 204 1126 539 1184; x_wconf 85' lang='lat' dir='ltr'>derelinquens,</span> <span class='ocrx_word' id='word_1_91' title='bbox 561 1127 768 1168; x_wconf 86' lang='lat' dir='ltr'>humatus</span> <span class='ocrx_word' id='word_1_92' title='bbox 792 1135 858 1167; x_wconf 87' lang='lat' dir='ltr'>est</span> <span class='ocrx_word' id='word_1_93' title='bbox 880 1124 996 1182; x_wconf 86' lang='lat' dir='ltr'>apud</span> <span class='ocrx_word' id='word_1_94' title='bbox 1021 1123 1339 1165; x_wconf 88' lang='lat' dir='ltr'>monasterium</span> <span class='ocrx_word' id='word_1_95' title='bbox 1359 1123 1510 1165; x_wconf 83' lang='lat' dir='ltr'>Sancti</span> <span class='ocrx_word' id='word_1_96' title='bbox 1526 1125 1708 1165; x_wconf 82' lang='lat' dir='ltr'>Maxen-</span> 
     </span>
     <span class='ocr_line' id='line_1_16' title="bbox 202 1195 1709 1255; baseline -0.001 -16"><span class='ocrx_word' id='word_1_97' title='bbox 202 1198 269 1249; x_wconf 81' lang='lat' dir='ltr'>tii,</span> <span class='ocrx_word' id='word_1_98' title='bbox 297 1208 338 1240; x_wconf 84' lang='lat' dir='ltr'>et</span> <span class='ocrx_word' id='word_1_99' title='bbox 384 1197 685 1255; x_wconf 77' lang='lat' dir='ltr'>principatum</span> <span class='ocrx_word' id='word_1_100' title='bbox 726 1207 828 1255; x_wconf 90' lang='lat' dir='ltr'>post</span> <span class='ocrx_word' id='word_1_101' title='bbox 874 1213 973 1238; x_wconf 90' lang='lat' dir='ltr'>eum</span> <span class='ocrx_word' id='word_1_102' title='bbox 1027 1195 1334 1237; x_wconf 72' lang='lat' dir='ltr'>strenuissime</span> <span class='ocrx_word' id='word_1_103' title='bbox 1381 1195 1709 1239; x_wconf 88' lang='lat' dir='ltr'>administravit</span> 
     </span>
     <span class='ocr_line' id='line_1_17' title="bbox 202 1267 1707 1326; baseline -0.001 -15"><span class='ocrx_word' id='word_1_104' title='bbox 202 1270 456 1315; x_wconf 68' lang='lat' dir='ltr'>VVillelmus</span> <span class='ocrx_word' id='word_1_105' title='bbox 479 1269 594 1311; x_wconf 88' lang='lat' dir='ltr'>filius</span> <span class='ocrx_word' id='word_1_106' title='bbox 618 1269 750 1326; x_wconf 71' lang='lat' dir='ltr'>ejus&#39;&#39;*.</span> <span class='ocrx_word' id='word_1_107' title='bbox 775 1268 1129 1318; x_wconf 79' lang='lat' dir='ltr'>EtAldebertus‚</span> <span class='ocrx_word' id='word_1_108' title='bbox 1151 1267 1392 1309; x_wconf 80' lang='lat' dir='ltr'>Gentiaco⁵</span> <span class='ocrx_word' id='word_1_109' title='bbox 1412 1277 1540 1325; x_wconf 90' lang='lat' dir='ltr'>capto</span> <span class='ocrx_word' id='word_1_110' title='bbox 1562 1277 1707 1310; x_wconf 88' lang='lat' dir='ltr'>castro</span> 
     </span>
     <span class='ocr_line' id='line_1_18' title="bbox 203 1340 1705 1399; baseline -0.001 -16"><span class='ocrx_word' id='word_1_111' title='bbox 203 1351 245 1384; x_wconf 90' lang='lat' dir='ltr'>et</span> <span class='ocrx_word' id='word_1_112' title='bbox 264 1342 506 1392; x_wconf 77' lang='lat' dir='ltr'>destructo,</span> <span class='ocrx_word' id='word_1_113' title='bbox 533 1341 728 1399; x_wconf 81' lang='lat' dir='ltr'>itemque</span> <span class='ocrx_word' id='word_1_114' title='bbox 744 1358 767 1383; x_wconf 90' lang='lat' dir='ltr'>a</span> <span class='ocrx_word' id='word_1_115' title='bbox 780 1341 1035 1386; x_wconf 74' lang='lat' dir='ltr'>willelmou</span> <span class='ocrx_word' id='word_1_116' title='bbox 1055 1340 1358 1381; x_wconf 79' lang='lat' dir='ltr'>reedificatum</span> <span class='ocrx_word' id='word_1_117' title='bbox 1376 1340 1480 1381; x_wconf 90' lang='lat' dir='ltr'>dum</span> <span class='ocrx_word' id='word_1_118' title='bbox 1496 1340 1541 1381; x_wconf 87' lang='lat' dir='ltr'>id</span> <span class='ocrx_word' id='word_1_119' title='bbox 1559 1340 1705 1398; x_wconf 89' lang='lat' dir='ltr'>ipsum</span> 
     </span>
     <span class='ocr_line' id='line_1_19' title="bbox 204 1411 1706 1470; baseline -0.001 -15"><span class='ocrx_word' id='word_1_120' title='bbox 204 1414 469 1465; x_wconf 78' lang='lat' dir='ltr'>obsedisset,</span> <span class='ocrx_word' id='word_1_121' title='bbox 490 1423 532 1455; x_wconf 84' lang='lat' dir='ltr'>et</span> <span class='ocrx_word' id='word_1_122' title='bbox 554 1413 749 1455; x_wconf 82' lang='lat' dir='ltr'>secundo</span> <span class='ocrx_word' id='word_1_123' title='bbox 766 1413 1089 1464; x_wconf 83' lang='lat' dir='ltr'>destrueretur,</span> <span class='ocrx_word' id='word_1_124' title='bbox 1108 1421 1150 1453; x_wconf 88' lang='lat' dir='ltr'>et</span> <span class='ocrx_word' id='word_1_125' title='bbox 1173 1419 1382 1453; x_wconf 67' lang='lat' dir='ltr'>securusv</span> <span class='ocrx_word' id='word_1_126' title='bbox 1404 1411 1571 1453; x_wconf 86' lang='lat' dir='ltr'>circum</span> <span class='ocrx_word' id='word_1_127' title='bbox 1586 1413 1706 1470; x_wconf 86' lang='lat' dir='ltr'>equi-</span> 
     </span>
     <span class='ocr_line' id='line_1_20' title="bbox 202 1484 1706 1545; baseline -0.002 -17"><span class='ocrx_word' id='word_1_128' title='bbox 202 1495 317 1528; x_wconf 81' lang='lat' dir='ltr'>taret</span> <span class='ocrx_word' id='word_1_129' title='bbox 340 1496 388 1528; x_wconf 88' lang='lat' dir='ltr'>ut</span> <span class='ocrx_word' id='word_1_130' title='bbox 417 1487 505 1543; x_wconf 85' lang='lat' dir='ltr'>jam</span> <span class='ocrx_word' id='word_1_131' title='bbox 522 1486 679 1537; x_wconf 86' lang='lat' dir='ltr'>victor,</span> <span class='ocrx_word' id='word_1_132' title='bbox 705 1485 794 1527; x_wconf 87' lang='lat' dir='ltr'>ictu</span> <span class='ocrx_word' id='word_1_133' title='bbox 827 1485 1012 1545; x_wconf 79' lang='lat' dir='ltr'>sagittae</span> <span class='ocrx_word' id='word_1_134' title='bbox 1037 1494 1237 1526; x_wconf 87' lang='lat' dir='ltr'>mortuus</span> <span class='ocrx_word' id='word_1_135' title='bbox 1266 1493 1309 1525; x_wconf 79' lang='lat' dir='ltr'>et</span> <span class='ocrx_word' id='word_1_136' title='bbox 1337 1493 1493 1526; x_wconf 84' lang='lat' dir='ltr'>sancto</span> <span class='ocrx_word' id='word_1_137' title='bbox 1522 1484 1706 1526; x_wconf 89' lang='lat' dir='ltr'>Carrofo</span> 
     </span>
     <span class='ocr_line' id='line_1_21' title="bbox 204 1555 1705 1614; baseline -0.001 -15"><span class='ocrx_word' id='word_1_138' title='bbox 204 1558 408 1599; x_wconf 89' lang='lat' dir='ltr'>conditus</span> <span class='ocrx_word' id='word_1_139' title='bbox 438 1567 532 1609; x_wconf 81' lang='lat' dir='ltr'>est3</span> <span class='ocrx_word' id='word_1_140' title='bbox 576 1567 619 1599; x_wconf 87' lang='lat' dir='ltr'>et</span> <span class='ocrx_word' id='word_1_141' title='bbox 659 1557 852 1599; x_wconf 84' lang='lat' dir='ltr'>surrexit</span> <span class='ocrx_word' id='word_1_142' title='bbox 886 1574 967 1614; x_wconf 86' lang='lat' dir='ltr'>pro</span> <span class='ocrx_word' id='word_1_143' title='bbox 1003 1573 1053 1598; x_wconf 88' lang='lat' dir='ltr'>eo</span> <span class='ocrx_word' id='word_1_144' title='bbox 1088 1558 1221 1607; x_wconf 86' lang='lat' dir='ltr'>Boso,</span> <span class='ocrx_word' id='word_1_145' title='bbox 1254 1555 1390 1597; x_wconf 88' lang='lat' dir='ltr'>frater</span> <span class='ocrx_word' id='word_1_146' title='bbox 1419 1557 1530 1613; x_wconf 89' lang='lat' dir='ltr'>ejus.</span> <span class='ocrx_word' id='word_1_147' title='bbox 1566 1557 1705 1609; x_wconf 84' lang='lat' dir='ltr'>[Tunc</span> 
     </span>
     <span class='ocr_line' id='line_1_22' title="bbox 201 1628 1704 1689; baseline -0.001 -18"><span class='ocrx_word' id='word_1_148' title='bbox 201 1630 470 1674; x_wconf 64' lang='lat' dir='ltr'>VVillelmus.</span> <span class='ocrx_word' id='word_1_149' title='bbox 491 1638 669 1686; x_wconf 89' lang='lat' dir='ltr'>accepta</span> <span class='ocrx_word' id='word_1_150' title='bbox 692 1629 736 1670; x_wconf 81' lang='lat' dir='ltr'>in</span> <span class='ocrx_word' id='word_1_151' title='bbox 760 1629 1042 1671; x_wconf 88' lang='lat' dir='ltr'>matrimonio</span> <span class='ocrx_word' id='word_1_152' title='bbox 1061 1628 1322 1679; x_wconf 85' lang='lat' dir='ltr'>Adalmode,</span> <span class='ocrx_word' id='word_1_153' title='bbox 1348 1630 1537 1689; x_wconf 82' lang='lat' dir='ltr'>conjuge</span> <span class='ocrx_word' id='word_1_154' title='bbox 1555 1645 1704 1686; x_wconf 90' lang='lat' dir='ltr'>supra-</span> 
     </span>
     <span class='ocr_line' id='line_1_23' title="bbox 201 1700 1704 1761; baseline 0 -19"><span class='ocrx_word' id='word_1_155' title='bbox 201 1702 357 1759; x_wconf 85' lang='lat' dir='ltr'>scripti</span> <span class='ocrx_word' id='word_1_156' title='bbox 378 1702 667 1754; x_wconf 54' lang='lat' dir='ltr'>Aldeberti‘L</span> <span class='ocrx_word' id='word_1_157' title='bbox 698 1702 965 1743; x_wconf 82' lang='lat' dir='ltr'>Rotbertum</span> <span class='ocrx_word' id='word_1_158' title='bbox 989 1717 1140 1761; x_wconf 82' lang='lat' dir='ltr'>regem</span> <span class='ocrx_word' id='word_1_159' title='bbox 1169 1700 1403 1741; x_wconf 77' lang='lat' dir='ltr'>accersivit</span> <span class='ocrx_word' id='word_1_160' title='bbox 1442 1700 1495 1741; x_wconf 90' lang='lat' dir='ltr'>ad</span> <span class='ocrx_word' id='word_1_161' title='bbox 1530 1700 1704 1757; x_wconf 87' lang='lat' dir='ltr'>capien-</span> 
     </span>
     <span class='ocr_line' id='line_1_24' title="bbox 199 1772 1704 1831; baseline -0.001 -16"><span class='ocrx_word' id='word_1_162' title='bbox 199 1773 301 1815; x_wconf 85' lang='lat' dir='ltr'>dum</span> <span class='ocrx_word' id='word_1_163' title='bbox 326 1783 517 1815; x_wconf 86' lang='lat' dir='ltr'>castrum</span> <span class='ocrx_word' id='word_1_164' title='bbox 540 1773 782 1824; x_wconf 86' lang='lat' dir='ltr'>Bellacum,</span> <span class='ocrx_word' id='word_1_165' title='bbox 809 1773 927 1831; x_wconf 86' lang='lat' dir='ltr'>quod</span> <span class='ocrx_word' id='word_1_166' title='bbox 950 1775 1130 1815; x_wconf 84' lang='lat' dir='ltr'>tenebat</span> <span class='ocrx_word' id='word_1_167' title='bbox 1160 1774 1310 1814; x_wconf 50' lang='lat' dir='ltr'>Bososs&#39;.</span> <span class='ocrx_word' id='word_1_168' title='bbox 1338 1772 1493 1813; x_wconf 90' lang='lat' dir='ltr'>Omnis</span> <span class='ocrx_word' id='word_1_169' title='bbox 1524 1773 1704 1815; x_wconf 86' lang='lat' dir='ltr'>Frantia</span> 
     </span>
     <span class='ocr_line' id='line_1_25' title="bbox 199 1844 1702 1902; baseline 0 -15"><span class='ocrx_word' id='word_1_170' title='bbox 199 1846 405 1888; x_wconf 84' lang='lat' dir='ltr'>bellatrix</span> <span class='ocrx_word' id='word_1_171' title='bbox 427 1862 477 1887; x_wconf 92' lang='lat' dir='ltr'>eo</span> <span class='ocrx_word' id='word_1_172' title='bbox 501 1845 736 1896; x_wconf 74' lang='lat' dir='ltr'>conflixit²,</span> <span class='ocrx_word' id='word_1_173' title='bbox 761 1846 837 1886; x_wconf 90' lang='lat' dir='ltr'>sed</span> <span class='ocrx_word' id='word_1_174' title='bbox 858 1845 1065 1887; x_wconf 87' lang='lat' dir='ltr'>frustrata</span> <span class='ocrx_word' id='word_1_175' title='bbox 1088 1854 1189 1902; x_wconf 91' lang='lat' dir='ltr'>post</span> <span class='ocrx_word' id='word_1_176' title='bbox 1208 1844 1369 1886; x_wconf 92' lang='lat' dir='ltr'>multos</span> <span class='ocrx_word' id='word_1_177' title='bbox 1387 1844 1482 1886; x_wconf 89' lang='lat' dir='ltr'>dies</span> <span class='ocrx_word' id='word_1_178' title='bbox 1502 1861 1600 1886; x_wconf 91' lang='lat' dir='ltr'>cum</span> <span class='ocrx_word' id='word_1_179' title='bbox 1625 1861 1702 1887; x_wconf 88' lang='lat' dir='ltr'>suo</span> 
     </span>
     <span class='ocr_line' id='line_1_26' title="bbox 199 1916 1702 1977; baseline 0 -18"><span class='ocrx_word' id='word_1_180' title='bbox 199 1934 304 1977; x_wconf 82' lang='lat' dir='ltr'>rege</span> <span class='ocrx_word' id='word_1_181' title='bbox 333 1917 533 1959; x_wconf 87' lang='lat' dir='ltr'>recessit.</span> <span class='ocrx_word' id='word_1_182' title='bbox 561 1919 661 1974; x_wconf 90' lang='lat' dir='ltr'>Ipso</span> <span class='ocrx_word' id='word_1_183' title='bbox 683 1926 884 1974; x_wconf 88' lang='lat' dir='ltr'>tempore</span> <span class='ocrx_word' id='word_1_184' title='bbox 917 1917 1019 1958; x_wconf 91' lang='lat' dir='ltr'>dum</span> <span class='ocrx_word' id='word_1_185' title='bbox 1055 1918 1289 1959; x_wconf 87' lang='lat' dir='ltr'>obsessum</span> <span class='ocrx_word' id='word_1_186' title='bbox 1338 1925 1456 1958; x_wconf 90' lang='lat' dir='ltr'>esset</span> <span class='ocrx_word' id='word_1_187' title='bbox 1494 1916 1702 1961; x_wconf 89' lang='lat' dir='ltr'>Widonis</span> 
     </span>
    </p>
   </div>
   <div class='ocr_carea' id='block_1_5' title="bbox 197 2043 1702 2210">
    <p class='ocr_par' dir='ltr' id='par_1_6' title="bbox 197 2043 1702 2210">
     <span class='ocr_line' id='line_1_27' title="bbox 240 2043 1702 2086; baseline -0.001 -10"><span class='ocrx_word' id='word_1_188' title='bbox 240 2047 268 2083; x_wconf 59' lang='lat' dir='ltr'>r]</span> <span class='ocrx_word' id='word_1_189' title='bbox 286 2047 394 2076; x_wconf 87' lang='lat' dir='ltr'>multa</span> <span class='ocrx_word' id='word_1_190' title='bbox 412 2049 529 2086; x_wconf 81' lang='lat' dir='ltr'>strage</span> <span class='ocrx_word' id='word_1_191' title='bbox 545 2049 687 2085; x_wconf 84' lang='lat' dir='ltr'>peracta</span> <span class='ocrx_word' id='word_1_192' title='bbox 703 2044 826 2076; x_wconf 60' lang='lat' dir='ltr'>addfi.</span> <span class='ocrx_word' id='word_1_193' title='bbox 842 2062 883 2066; x_wconf 90' lang='lat'>-—</span> <span class='ocrx_word' id='word_1_194' title='bbox 907 2046 934 2083; x_wconf 63' lang='lat' dir='ltr'>s)</span> <span class='ocrx_word' id='word_1_195' title='bbox 957 2043 1169 2074; x_wconf 68' lang='lat' dir='ltr'>vicecomitis</span> <span class='ocrx_word' id='word_1_196' title='bbox 1195 2048 1228 2073; x_wconf 87' lang='lat' dir='ltr'>et</span> <span class='ocrx_word' id='word_1_197' title='bbox 1249 2044 1331 2074; x_wconf 77' lang='lat' dir='ltr'>add.</span> <span class='ocrx_word' id='word_1_198' title='bbox 1356 2044 1391 2074; x_wconf 93' lang='lat' dir='ltr'>C.</span> <span class='ocrx_word' id='word_1_199' title='bbox 1417 2063 1458 2067; x_wconf 90' lang='lat'><strong>—</strong></span> <span class='ocrx_word' id='word_1_200' title='bbox 1473 2044 1504 2085; x_wconf 91' lang='lat' dir='ltr'>t)</span> <span class='ocrx_word' id='word_1_201' title='bbox 1526 2044 1591 2080; x_wconf 87' lang='lat' dir='ltr'>Qui</span> <span class='ocrx_word' id='word_1_202' title='bbox 1625 2056 1702 2075; x_wconf 87' lang='lat' dir='ltr'>cum</span> 
     </span>
     <span class='ocr_line' id='line_1_28' title="bbox 197 2086 1702 2127; baseline -0.001 -9"><span class='ocrx_word' id='word_1_203' title='bbox 197 2099 273 2118; x_wconf 81' lang='lat' dir='ltr'>eam</span> <span class='ocrx_word' id='word_1_204' title='bbox 295 2088 481 2119; x_wconf 78' lang='lat' dir='ltr'>obsideret.</span> <span class='ocrx_word' id='word_1_205' title='bbox 517 2097 737 2127; x_wconf 83' lang='lat' dir='ltr'>nequaquam</span> <span class='ocrx_word' id='word_1_206' title='bbox 777 2097 834 2115; x_wconf 85' lang='lat' dir='ltr'>rex</span> <span class='ocrx_word' id='word_1_207' title='bbox 868 2086 1081 2115; x_wconf 76' lang='lat' dir='ltr'>Francorum</span> <span class='ocrx_word' id='word_1_208' title='bbox 1111 2096 1218 2115; x_wconf 80' lang='lat' dir='ltr'>ausus</span> <span class='ocrx_word' id='word_1_209' title='bbox 1255 2090 1306 2115; x_wconf 83' lang='lat' dir='ltr'>est</span> <span class='ocrx_word' id='word_1_210' title='bbox 1342 2097 1419 2116; x_wconf 87' lang='lat' dir='ltr'>eum</span> <span class='ocrx_word' id='word_1_211' title='bbox 1447 2097 1638 2126; x_wconf 72' lang='lat' dir='ltr'>provocare</span> <span class='ocrx_word' id='word_1_212' title='bbox 1659 2087 1702 2117; x_wconf 85' lang='lat' dir='ltr'>ad</span> 
     </span>
     <span class='ocr_line' id='line_1_29' title="bbox 197 2127 1702 2163; baseline -0.001 -4"><span class='ocrx_word' id='word_1_213' title='bbox 197 2135 383 2161; x_wconf 83' lang='lat' dir='ltr'>certamen.</span> <span class='ocrx_word' id='word_1_214' title='bbox 408 2130 465 2159; x_wconf 85' lang='lat' dir='ltr'>sed</span> <span class='ocrx_word' id='word_1_215' title='bbox 491 2129 554 2158; x_wconf 82' lang='lat' dir='ltr'>hoc</span> <span class='ocrx_word' id='word_1_216' title='bbox 576 2128 604 2158; x_wconf 88' lang='lat' dir='ltr'>ei</span> <span class='ocrx_word' id='word_1_217' title='bbox 626 2128 823 2158; x_wconf 77' lang='lat' dir='ltr'>mandavit:</span> <span class='ocrx_word' id='word_1_218' title='bbox 855 2139 869 2155; x_wconf 86' lang='lat'>«</span> <span class='ocrx_word' id='word_1_219' title='bbox 893 2127 978 2163; x_wconf 86' lang='lat' dir='ltr'>Quis</span> <span class='ocrx_word' id='word_1_220' title='bbox 1000 2132 1031 2157; x_wconf 84' lang='lat' dir='ltr'>te</span> <span class='ocrx_word' id='word_1_221' title='bbox 1055 2127 1216 2157; x_wconf 69' lang='lat' dir='ltr'>comitem</span> <span class='ocrx_word' id='word_1_222' title='bbox 1247 2128 1454 2158; x_wconf 76' lang='lat' dir='ltr'>mandavit?</span> <span class='ocrx_word' id='word_1_223' title='bbox 1488 2140 1502 2157; x_wconf 85' lang='lat'>»</span> <span class='ocrx_word' id='word_1_224' title='bbox 1532 2129 1573 2158; x_wconf 81' lang='lat' dir='ltr'>Et</span> <span class='ocrx_word' id='word_1_225' title='bbox 1599 2129 1702 2159; x_wconf 76' lang='lat' dir='ltr'>Adel-</span> 
     </span>
     <span class='ocr_line' id='line_1_30' title="bbox 197 2169 1701 2210; baseline -0.001 -8"><span class='ocrx_word' id='word_1_226' title='bbox 197 2172 316 2202; x_wconf 75' lang='lat' dir='ltr'>bertus</span> <span class='ocrx_word' id='word_1_227' title='bbox 344 2170 561 2201; x_wconf 68' lang='lat' dir='ltr'>remandavit</span> <span class='ocrx_word' id='word_1_228' title='bbox 584 2170 631 2199; x_wconf 73' lang='lat' dir='ltr'>oi:</span> <span class='ocrx_word' id='word_1_229' title='bbox 657 2169 741 2205; x_wconf 85' lang='lat' dir='ltr'>Quis</span> <span class='ocrx_word' id='word_1_230' title='bbox 769 2173 800 2199; x_wconf 74' lang='lat' dir='ltr'>te</span> <span class='ocrx_word' id='word_1_231' title='bbox 832 2180 949 2210; x_wconf 80' lang='lat' dir='ltr'>regem</span> <span class='ocrx_word' id='word_1_232' title='bbox 980 2169 1182 2200; x_wconf 73' lang='lat' dir='ltr'>constituit?</span> <span class='ocrx_word' id='word_1_233' title='bbox 1215 2181 1229 2198; x_wconf 72' lang='lat' dir='ltr'>n</span> <span class='ocrx_word' id='word_1_234' title='bbox 1259 2170 1339 2200; x_wconf 80' lang='lat' dir='ltr'>add.</span> <span class='ocrx_word' id='word_1_235' title='bbox 1367 2171 1403 2199; x_wconf 64' lang='lat' dir='ltr'>(j.</span> <span class='ocrx_word' id='word_1_236' title='bbox 1431 2170 1513 2210; x_wconf 66' lang='lat' dir='ltr'>Voy.</span> <span class='ocrx_word' id='word_1_237' title='bbox 1550 2170 1646 2200; x_wconf 75' lang='lat' dir='ltr'>aussi</span> <span class='ocrx_word' id='word_1_238' title='bbox 1674 2171 1701 2200; x_wconf 86' lang='lat' dir='ltr'>H</span> 
     </span>
    </p>
   </div>
   <div class='ocr_carea' id='block_1_6' title="bbox 197 2211 1703 2337">
    <p class='ocr_par' dir='ltr' id='par_1_7' title="bbox 197 2211 1703 2337">
     <span class='ocr_line' id='line_1_31' title="bbox 198 2211 1702 2254; baseline -0.001 -11"><span class='ocrx_word' id='word_1_239' title='bbox 198 2215 301 2254; x_wconf 84' lang='lat' dir='ltr'>(App.</span> <span class='ocrx_word' id='word_1_240' title='bbox 319 2224 352 2254; x_wconf 87' lang='lat' dir='ltr'>p.</span> <span class='ocrx_word' id='word_1_241' title='bbox 440 2215 460 2253; x_wconf 92' lang='lat'>).</span> <span class='ocrx_word' id='word_1_242' title='bbox 477 2231 515 2234; x_wconf 97' lang='lat'><strong>—</strong></span> <span class='ocrx_word' id='word_1_243' title='bbox 540 2213 575 2251; x_wconf 84' lang='lat' dir='ltr'>u)</span> <span class='ocrx_word' id='word_1_244' title='bbox 594 2211 771 2242; x_wconf 72' lang='lat' dir='ltr'>Pictavino</span> <span class='ocrx_word' id='word_1_245' title='bbox 793 2211 874 2240; x_wconf 75' lang='lat' dir='ltr'>add.</span> <span class='ocrx_word' id='word_1_246' title='bbox 893 2211 927 2243; x_wconf 70' lang='lat' dir='ltr'>C,</span> <span class='ocrx_word' id='word_1_247' title='bbox 961 2229 1002 2233; x_wconf 92' lang='lat'><strong>—</strong></span> <span class='ocrx_word' id='word_1_248' title='bbox 1033 2215 1065 2242; x_wconf 62' lang='lat' dir='ltr'>v&#39;*</span> <span class='ocrx_word' id='word_1_249' title='bbox 1082 2211 1157 2251; x_wconf 85' lang='lat' dir='ltr'>jam</span> <span class='ocrx_word' id='word_1_250' title='bbox 1178 2211 1289 2242; x_wconf 75' lang='lat' dir='ltr'>vietor</span> <span class='ocrx_word' id='word_1_251' title='bbox 1309 2212 1423 2241; x_wconf 88' lang='lat' dir='ltr'>nudus</span> <span class='ocrx_word' id='word_1_252' title='bbox 1445 2211 1552 2241; x_wconf 84' lang='lat' dir='ltr'>armis</span> <span class='ocrx_word' id='word_1_253' title='bbox 1571 2212 1702 2242; x_wconf 83' lang='lat' dir='ltr'>circum</span> 
     </span>
     <span class='ocr_line' id='line_1_32' title="bbox 197 2252 1703 2296; baseline -0.001 -11"><span class='ocrx_word' id='word_1_254' title='bbox 197 2256 369 2296; x_wconf 73' lang='lat' dir='ltr'>equitaret</span> <span class='ocrx_word' id='word_1_255' title='bbox 389 2255 426 2285; x_wconf 80' lang='lat' dir='ltr'>C.</span> <span class='ocrx_word' id='word_1_256' title='bbox 457 2273 497 2276; x_wconf 97' lang='lat'><strong>—</strong></span> <span class='ocrx_word' id='word_1_257' title='bbox 538 2255 569 2283; x_wconf 41' lang='grc' dir='ltr'>ΧΥ</span> <span class='ocrx_word' id='word_1_258' title='bbox 603 2256 695 2283; x_wconf 67' lang='lat' dir='ltr'>Nous</span> <span class='ocrx_word' id='word_1_259' title='bbox 723 2263 826 2282; x_wconf 75' lang='lat' dir='ltr'>avons</span> <span class='ocrx_word' id='word_1_260' title='bbox 859 2255 878 2282; x_wconf 80' lang='grc' dir='ltr'><em>ἀ</em></span> <span class='ocrx_word' id='word_1_261' title='bbox 907 2252 1079 2294; x_wconf 76' lang='lat' dir='ltr'>l&#39;e.1·emple</span> <span class='ocrx_word' id='word_1_262' title='bbox 1110 2253 1152 2282; x_wconf 81' lang='lat' dir='ltr'>(le</span> <span class='ocrx_word' id='word_1_263' title='bbox 1193 2253 1299 2282; x_wconf 68' lang='lat' dir='ltr'>lt&#39;aitz</span> <span class='ocrx_word' id='word_1_264' title='bbox 1337 2252 1475 2294; x_wconf 72' lang='lat' dir='ltr'>stepple‘e&#39;</span> <span class='ocrx_word' id='word_1_265' title='bbox 1503 2253 1548 2283; x_wconf 81' lang='lat' dir='ltr'>ici</span> <span class='ocrx_word' id='word_1_266' title='bbox 1571 2265 1634 2284; x_wconf 82' lang='lat' dir='ltr'>une</span> <span class='ocrx_word' id='word_1_267' title='bbox 1655 2254 1703 2284; x_wconf 86' lang='lat' dir='ltr'>la—</span> 
     </span>
     <span class='ocr_line' id='line_1_33' title="bbox 198 2294 1698 2337; baseline 0 -11"><span class='ocrx_word' id='word_1_268' title='bbox 198 2309 280 2327; x_wconf 78' lang='lat' dir='ltr'>cmze</span> <span class='ocrx_word' id='word_1_269' title='bbox 312 2297 446 2337; x_wconf 60' lang='lat' dir='ltr'>d&#39;apres</span> <span class='ocrx_word' id='word_1_270' title='bbox 469 2297 504 2325; x_wconf 48' lang='grc' dir='ltr'>(Ἴ.</span> <span class='ocrx_word' id='word_1_271' title='bbox 521 2300 609 2334; x_wconf 71' lang='lat' dir='ltr'>-v)</span> <span class='ocrx_word' id='word_1_272' title='bbox 639 2295 889 2325; x_wconf 80' lang='lat' dir='ltr'>Construxerat</span> <span class='ocrx_word' id='word_1_273' title='bbox 914 2294 1032 2334; x_wconf 83' lang='lat' dir='ltr'>ipsum</span> <span class='ocrx_word' id='word_1_274' title='bbox 1059 2299 1215 2325; x_wconf 83' lang='lat' dir='ltr'>castrum</span> <span class='ocrx_word' id='word_1_275' title='bbox 1245 2295 1334 2325; x_wconf 83' lang='lat' dir='ltr'>Boso</span> <span class='ocrx_word' id='word_1_276' title='bbox 1362 2295 1498 2326; x_wconf 76' lang='lat' dir='ltr'>vetulus</span> <span class='ocrx_word' id='word_1_277' title='bbox 1519 2295 1555 2325; x_wconf 89' lang='lat' dir='ltr'>in</span> <span class='ocrx_word' id='word_1_278' title='bbox 1584 2306 1698 2326; x_wconf 81' lang='lat' dir='ltr'>marca</span> 
     </span>
    </p>
   </div>
   <div class='ocr_carea' id='block_1_7' title="bbox 199 2329 1116 2377">
    <p class='ocr_par' dir='ltr' id='par_1_8' title="bbox 199 2329 1116 2377">
     <span class='ocr_line' id='line_1_34' title="bbox 199 2329 1116 2377; baseline -0.003 -7"><span class='ocrx_word' id='word_1_279' title='bbox 199 2339 418 2370; x_wconf 73' lang='lat' dir='ltr'>Lemovicina</span> <span class='ocrx_word' id='word_1_280' title='bbox 440 2338 520 2367; x_wconf 80' lang='lat' dir='ltr'>add.</span> <span class='ocrx_word' id='word_1_281' title='bbox 545 2329 636 2369; x_wconf 59' lang='lat' dir='ltr'>Cs—</span> <span class='ocrx_word' id='word_1_282' title='bbox 657 2338 685 2377; x_wconf 89' lang='lat' dir='ltr'>z)</span> <span class='ocrx_word' id='word_1_283' title='bbox 709 2341 742 2367; x_wconf 83' lang='lat' dir='ltr'>et</span> <span class='ocrx_word' id='word_1_284' title='bbox 768 2336 954 2377; x_wconf 82' lang='lat' dir='ltr'>Aquitania</span> <span class='ocrx_word' id='word_1_285' title='bbox 977 2336 1058 2366; x_wconf 77' lang='lat' dir='ltr'>add.</span> <span class='ocrx_word' id='word_1_286' title='bbox 1080 2336 1116 2367; x_wconf 95' lang='lat' dir='ltr'>C.</span> 
     </span>
    </p>
   </div>
   <div class='ocr_carea' id='block_1_8' title="bbox 198 2493 1703 2827">
    <p class='ocr_par' dir='ltr' id='par_1_9' title="bbox 240 2493 1142 2533">
     <span class='ocr_line' id='line_1_35' title="bbox 240 2493 1142 2533; baseline -0.004 -6"><span class='ocrx_word' id='word_1_287' title='bbox 240 2498 268 2527; x_wconf 84' lang='lat'>1.</span> <span class='ocrx_word' id='word_1_288' title='bbox 286 2496 373 2526; x_wconf 89' lang='lat' dir='ltr'>Pure</span> <span class='ocrx_word' id='word_1_289' title='bbox 393 2495 497 2529; x_wconf 74' lang='lat' dir='ltr'>sable,</span> <span class='ocrx_word' id='word_1_290' title='bbox 524 2494 619 2524; x_wconf 86' lang='lat' dir='ltr'>aussi</span> <span class='ocrx_word' id='word_1_291' title='bbox 635 2493 713 2523; x_wconf 86' lang='lat' dir='ltr'>bien</span> <span class='ocrx_word' id='word_1_292' title='bbox 736 2504 801 2533; x_wconf 86' lang='lat' dir='ltr'>que</span> <span class='ocrx_word' id='word_1_293' title='bbox 822 2493 1003 2523; x_wconf 73' lang='lat' dir='ltr'>l‘addition</span> <span class='ocrx_word' id='word_1_294' title='bbox 1027 2493 1067 2523; x_wconf 83' lang='lat' dir='ltr'>de</span> <span class='ocrx_word' id='word_1_295' title='bbox 1089 2493 1142 2525; x_wconf 65' lang='lat' dir='ltr'>C‘l.</span> 
     </span>
    </p>

    <p class='ocr_par' dir='ltr' id='par_1_10' title="bbox 198 2535 1703 2619">
     <span class='ocr_line' id='line_1_36' title="bbox 240 2535 1703 2568; baseline -0.001 0"><span class='ocrx_word' id='word_1_296' title='bbox 240 2540 268 2568; x_wconf 85' lang='lat'>2.</span> <span class='ocrx_word' id='word_1_297' title='bbox 288 2538 324 2567; x_wconf 70' lang='lat' dir='ltr'>V.</span> <span class='ocrx_word' id='word_1_298' title='bbox 343 2549 369 2566; x_wconf 85' lang='grc'>(·.</span> <span class='ocrx_word' id='word_1_299' title='bbox 394 2538 444 2567; x_wconf 77' lang='grc'>25.</span> <span class='ocrx_word' id='word_1_300' title='bbox 463 2554 503 2559; x_wconf 89' lang='grc'>-</span> <span class='ocrx_word' id='word_1_301' title='bbox 520 2536 684 2567; x_wconf 83' lang='lat' dir='ltr'>Aldebert</span> <span class='ocrx_word' id='word_1_302' title='bbox 705 2536 717 2565; x_wconf 97' lang='lat' dir='ltr'>I</span> <span class='ocrx_word' id='word_1_303' title='bbox 741 2535 888 2565; x_wconf 77' lang='lat' dir='ltr'>succeda</span> <span class='ocrx_word' id='word_1_304' title='bbox 913 2536 932 2564; x_wconf 78' lang='grc' dir='ltr'>ἐι</span> <span class='ocrx_word' id='word_1_305' title='bbox 955 2535 1069 2565; x_wconf 87' lang='lat' dir='ltr'>Boson</span> <span class='ocrx_word' id='word_1_306' title='bbox 1085 2536 1116 2565; x_wconf 83' lang='lat' dir='ltr'>le</span> <span class='ocrx_word' id='word_1_307' title='bbox 1141 2535 1247 2565; x_wconf 69' lang='lat' dir='ltr'>Yieux</span> <span class='ocrx_word' id='word_1_308' title='bbox 1263 2536 1350 2565; x_wconf 87' lang='lat' dir='ltr'>dans</span> <span class='ocrx_word' id='word_1_309' title='bbox 1372 2536 1406 2566; x_wconf 89' lang='lat' dir='ltr'>la</span> <span class='ocrx_word' id='word_1_310' title='bbox 1428 2535 1703 2566; x_wconf 73' lang='lat' dir='ltr'>flaute-Marche</span> 
     </span>
     <span class='ocr_line' id='line_1_37' title="bbox 198 2579 634 2619; baseline -0.009 -8"><span class='ocrx_word' id='word_1_311' title='bbox 198 2585 229 2611; x_wconf 84' lang='lat' dir='ltr'>et</span> <span class='ocrx_word' id='word_1_312' title='bbox 252 2581 281 2611; x_wconf 89' lang='grc'>10</span> <span class='ocrx_word' id='word_1_313' title='bbox 300 2579 478 2619; x_wconf 70' lang='lat' dir='ltr'>Perigord,</span> <span class='ocrx_word' id='word_1_314' title='bbox 501 2590 542 2609; x_wconf 88' lang='lat' dir='ltr'>en</span> <span class='ocrx_word' id='word_1_315' title='bbox 563 2579 634 2608; x_wconf 78' lang='lat'>980.</span> 
     </span>
    </p>

    <p class='ocr_par' dir='ltr' id='par_1_11' title="bbox 239 2618 1473 2660">
     <span class='ocr_line' id='line_1_38' title="bbox 239 2618 1473 2660; baseline -0.002 -9"><span class='ocrx_word' id='word_1_316' title='bbox 239 2623 266 2651; x_wconf 88' lang='lat'>3.</span> <span class='ocrx_word' id='word_1_317' title='bbox 289 2621 316 2652; x_wconf 79' lang='lat'>11</span> <span class='ocrx_word' id='word_1_318' title='bbox 339 2620 443 2660; x_wconf 74' lang='lat' dir='ltr'>s‘agit</span> <span class='ocrx_word' id='word_1_319' title='bbox 466 2621 509 2651; x_wconf 87' lang='lat' dir='ltr'>ici</span> <span class='ocrx_word' id='word_1_320' title='bbox 529 2621 569 2650; x_wconf 89' lang='lat' dir='ltr'>de</span> <span class='ocrx_word' id='word_1_321' title='bbox 590 2620 762 2659; x_wconf 88' lang='lat' dir='ltr'>Foulques</span> <span class='ocrx_word' id='word_1_322' title='bbox 784 2619 893 2648; x_wconf 75' lang='lat' dir='ltr'>Nerra</span> <span class='ocrx_word' id='word_1_323' title='bbox 917 2623 949 2648; x_wconf 83' lang='lat' dir='ltr'>et</span> <span class='ocrx_word' id='word_1_324' title='bbox 970 2619 1118 2649; x_wconf 84' lang='lat' dir='ltr'>d&#39;Eudes</span> <span class='ocrx_word' id='word_1_325' title='bbox 1135 2620 1160 2654; x_wconf 73' lang='grc' dir='ltr'>Ι,</span> <span class='ocrx_word' id='word_1_326' title='bbox 1184 2624 1295 2649; x_wconf 89' lang='lat' dir='ltr'>comte</span> <span class='ocrx_word' id='word_1_327' title='bbox 1311 2619 1351 2649; x_wconf 88' lang='lat' dir='ltr'>de</span> <span class='ocrx_word' id='word_1_328' title='bbox 1367 2618 1473 2649; x_wconf 86' lang='lat' dir='ltr'>Blois.</span> 
     </span>
    </p>

    <p class='ocr_par' dir='ltr' id='par_1_12' title="bbox 198 2660 1703 2787">
     <span class='ocr_line' id='line_1_39' title="bbox 239 2660 1699 2702; baseline -0.002 -9"><span class='ocrx_word' id='word_1_329' title='bbox 239 2664 266 2693; x_wconf 75' lang='lat'>4.</span> <span class='ocrx_word' id='word_1_330' title='bbox 295 2662 492 2694; x_wconf 82' lang='lat' dir='ltr'>Guillaume</span> <span class='ocrx_word' id='word_1_331' title='bbox 519 2661 743 2695; x_wconf 80' lang='lat' dir='ltr'>Fier-a-Bras</span> <span class='ocrx_word' id='word_1_332' title='bbox 775 2660 889 2690; x_wconf 75' lang='lat' dir='ltr'>s&#39;etait</span> <span class='ocrx_word' id='word_1_333' title='bbox 916 2660 1020 2691; x_wconf 73' lang='lat' dir='ltr'>retire</span> <span class='ocrx_word' id='word_1_334' title='bbox 1046 2672 1088 2690; x_wconf 90' lang='lat' dir='ltr'>en</span> <span class='ocrx_word' id='word_1_335' title='bbox 1113 2663 1173 2691; x_wconf 84' lang='lat'>990</span> <span class='ocrx_word' id='word_1_336' title='bbox 1205 2663 1224 2691; x_wconf 71' lang='lat' dir='ltr'>a</span> <span class='ocrx_word' id='word_1_337' title='bbox 1247 2661 1457 2702; x_wconf 80' lang='lat' dir='ltr'>St-Cyprien</span> <span class='ocrx_word' id='word_1_338' title='bbox 1479 2661 1520 2691; x_wconf 91' lang='lat' dir='ltr'>de</span> <span class='ocrx_word' id='word_1_339' title='bbox 1541 2660 1699 2691; x_wconf 84' lang='lat' dir='ltr'>Poitiers.</span> 
     </span>
     <span class='ocr_line' id='line_1_40' title="bbox 198 2702 1703 2746; baseline -0.002 -11"><span class='ocrx_word' id='word_1_340' title='bbox 198 2705 276 2746; x_wconf 88' lang='lat' dir='ltr'>puis</span> <span class='ocrx_word' id='word_1_341' title='bbox 304 2704 389 2734; x_wconf 77' lang='lat' dir='ltr'>etait</span> <span class='ocrx_word' id='word_1_342' title='bbox 421 2716 509 2735; x_wconf 69' lang='lat' dir='ltr'>venu</span> <span class='ocrx_word' id='word_1_343' title='bbox 537 2706 556 2734; x_wconf 76' lang='lat' dir='ltr'>a</span> <span class='ocrx_word' id='word_1_344' title='bbox 590 2703 811 2734; x_wconf 81' lang='lat' dir='ltr'>St-Maixent.</span> <span class='ocrx_word' id='word_1_345' title='bbox 844 2703 912 2732; x_wconf 81' lang='lat' dir='ltr'>Son</span> <span class='ocrx_word' id='word_1_346' title='bbox 948 2703 1016 2738; x_wconf 85' lang='lat' dir='ltr'>fils,</span> <span class='ocrx_word' id='word_1_347' title='bbox 1040 2703 1234 2736; x_wconf 83' lang='lat' dir='ltr'>Guillaume</span> <span class='ocrx_word' id='word_1_348' title='bbox 1256 2703 1304 2733; x_wconf 90' lang='grc' dir='ltr'>ΙΙΙ</span> <span class='ocrx_word' id='word_1_349' title='bbox 1326 2703 1356 2734; x_wconf 85' lang='grc'>10</span> <span class='ocrx_word' id='word_1_350' title='bbox 1383 2702 1514 2739; x_wconf 82' lang='lat' dir='ltr'>Grand,</span> <span class='ocrx_word' id='word_1_351' title='bbox 1537 2702 1585 2733; x_wconf 93' lang='lat' dir='ltr'>lui</span> <span class='ocrx_word' id='word_1_352' title='bbox 1607 2702 1703 2733; x_wconf 79' lang='lat' dir='ltr'>avait</span> 
     </span>
     <span class='ocr_line' id='line_1_41' title="bbox 199 2743 896 2787; baseline -0.004 -10"><span class='ocrx_word' id='word_1_353' title='bbox 199 2746 342 2777; x_wconf 77' lang='lat' dir='ltr'>succede</span> <span class='ocrx_word' id='word_1_354' title='bbox 367 2746 426 2776; x_wconf 50' lang='lat' dir='ltr'>des</span> <span class='ocrx_word' id='word_1_355' title='bbox 449 2747 606 2787; x_wconf 77' lang='lat' dir='ltr'>l&#39;e&#39;poque</span> <span class='ocrx_word' id='word_1_356' title='bbox 628 2745 668 2776; x_wconf 86' lang='lat' dir='ltr'>de</span> <span class='ocrx_word' id='word_1_357' title='bbox 683 2756 722 2775; x_wconf 79' lang='lat' dir='ltr'>sa</span> <span class='ocrx_word' id='word_1_358' title='bbox 743 2743 896 2775; x_wconf 37' lang='lat' dir='ltr'>retraite,</span> 
     </span>
    </p>

    <p class='ocr_par' dir='ltr' id='par_1_13' title="bbox 239 2785 1082 2827">
     <span class='ocr_line' id='line_1_42' title="bbox 239 2785 1082 2827; baseline 0 -11"><span class='ocrx_word' id='word_1_359' title='bbox 239 2790 268 2818; x_wconf 80' lang='lat'>5.</span> <span class='ocrx_word' id='word_1_360' title='bbox 295 2788 443 2827; x_wconf 59' lang='lat' dir='ltr'>Genqsay‚</span> <span class='ocrx_word' id='word_1_361' title='bbox 468 2799 496 2817; x_wconf 87' lang='lat' dir='ltr'>c.</span> <span class='ocrx_word' id='word_1_362' title='bbox 521 2788 561 2817; x_wconf 89' lang='lat' dir='ltr'>de</span> <span class='ocrx_word' id='word_1_363' title='bbox 586 2788 679 2817; x_wconf 79' lang='lat' dir='ltr'>l&#39;arr.</span> <span class='ocrx_word' id='word_1_364' title='bbox 706 2787 748 2816; x_wconf 82' lang='lat' dir='ltr'>de</span> <span class='ocrx_word' id='word_1_365' title='bbox 767 2786 894 2826; x_wconf 80' lang='lat' dir='ltr'>Civray</span> <span class='ocrx_word' id='word_1_366' title='bbox 915 2785 1082 2827; x_wconf 78' lang='lat' dir='ltr'>(Vienne).</span> 
     </span>
    </p>
   </div>
   <div class='ocr_carea' id='block_1_9' title="bbox 1831 0 1908 1387">
    <p class='ocr_par' dir='ltr' id='par_1_14' title="bbox 1831 0 1908 1387">
     <span class='ocr_line' id='line_1_43' title="bbox 1831 0 1908 1387; baseline 0 0"><span class='ocrx_word' id='word_1_367' title='bbox 1831 0 1908 1387; x_wconf 95' lang='lat' dir='ltr'> </span> 
     </span>
    </p>
   </div>
  </div>
 </body>
</html>
