1908 3256
128 903 194 931 1020

116 1482 187 1509 1014

104 2193 187 2229 1020;

308 289 382 326 174
827 301 1014 327 ,mmmm
1046 299 1287 325 cnnomcow

304 391 465 443 cessit5
492 391 569 432 scd
592 391 830 449 episcopus
855 390 1073 433 Goraldus
1097 389 1306 431 adversus
1347 389 1387 431 ei
1429 390 1615 443 exstitit,
1653 391 1804 448 prohi-

304 462 412 503 bens
448 462 487 503 ci
516 462 619 504 darc
649 463 1033 505 consecrationem
1071 476 1200 502 causa
1233 460 1333 512 zeli,
1371 460 1473 518 quia
1506 477 1596 503 non
1630 471 1805 519 poterat

302 533 527 575 vindicare
572 534 658 576 sibi
705 535 951 585 abbatiam;
995 533 1094 575 ideo
1127 548 1206 590 per
1247 532 1477 574 biennium
1520 533 1681 576 seditio
1714 551 1803 576 non

302 605 483 647 minima
524 606 605 648 fuit
651 607 817 658 civilis,
855 607 996 648 donec
1030 605 1201 646 ratione
1243 604 1537 647 erubescensb
1566 605 1803 663 episcopus

302 677 464 719 domno
506 678 687 738 Hugoni
733 678 937 721 assensit.
975 679 1031 719 Et
1065 676 1318 734 episcopm,
1363 676 1465 734 quia
1497 677 1802 719 thesaurarius

304 749 455 792 Sancti
486 750 643 791 Hilarii
673 760 781 803 erat,
814 751 916 792 dum
958 758 1057 791 ante
1086 748 1371 790 festivitatem
1400 748 1598 791 omnium
1626 758 1802 791 sancto-

303 837 399 862 rum
429 821 622 864 Pictavis
654 822 756 874 iret,
775 822 820 863 in
848 830 1000 864 sancto
1024 820 1208 862 Carroso
1231 830 1457 881 egrotans,
1482 821 1598 863 intra
1625 838 1680 863 xv
1706 821 1801 863 dies

304 893 432 944 obiit,
460 903 503 936 et
524 894 586 935 ibi
603 894 803 951 sepultus
827 903 908 937 est.
927 893 994 935 Ad
1010 903 1142 951 caput
1163 894 1257 950 ejus
1272 893 1421 935 tabula
1437 893 1646 951 plumbea
1657 894 1803 951 posita

303 974 369 1006 cst
391 965 450 1006 ita
480 965 668 1024 scripta:
694 966 774 1008 Hic
808 966 1051 1024 requiescit
1074 965 1309 1017 Geraldus,
1341 965 1578 1023 episcopus
1600 965 1802 1008 Lemovi-

299 1053 390 1089 cae,
417 1038 529 1080 obiit
564 1055 613 1080 111
642 1039 740 1080 idus
763 1038 1034 1080 novembris.
1060 1037 1233 1080 Profuit
1264 1037 1408 1079 eidem
1433 1038 1527 1080 sedi
1548 1054 1626 1080 vul
1654 1037 1797 1080 annis.

298 1109 404 1150 Post
426 1119 613 1151 mortem
637 1111 731 1167 ejus
754 1110 970 1152 successit
997 1109 1215 1151 Jordanus
1245 1109 1481 1166 episcopus
1498 1115 1527 1150 1.

354 1182 424 1225 51.
442 1208 500 1213 —
520 1183 607 1224 Per
629 1183 709 1223 hos
732 1199 871 1224 annos
895 1182 1008 1234 Odo,
1035 1181 1247 1239 princeps
1269 1181 1524 1233 Dolensis²‚
1549 1181 1591 1223 vi
1614 1191 1657 1223 et
1677 1182 1800 1243 inge-

296 1253 369 1295 nio
392 1254 510 1312 cepit
532 1264 724 1296 castrum
746 1254 1070 1315 Argentomum
1087 1256 1116 1307 ³,
1143 1264 1186 1296 et
1207 1255 1260 1295 ab
1289 1271 1340 1296 eo
1361 1254 1667 1297 vicecomitem
1698 1255 1800 1301 Wi-

298 1324 459 1367 donem
483 1326 692 1383 expulsit.
720 1326 841 1367 Idem
874 1326 970 1367 Odo
996 1327 1120 1383 quta
1147 1325 1446 1367 Masciacum⁴
1480 1326 1798 1368 monasterium

299 1406 491 1439 castrum
522 1398 785 1449 aedificavit,
813 1398 932 1455 quod
960 1414 1038 1440 rex
1071 1399 1315 1440 Rotbcrlus
1344 1415 1605 1458 expugnans
1640 1415 1798 1456 capere

296 1469 512 1526 nequivit,
545 1478 588 1510 ct
610 1469 672 1510 sic
701 1469 937 1511 frustratus
966 1469 1167 1511 recessit.
1200 1469 1277 1510 His
1305 1469 1584 1527 temporibus
1616 1469 1799 1511 basilica

298 1540 449 1582 Sancti
464 1541 646 1582 Martini
674 1542 911 1593 Turonica,
937 1543 991 1583 ab
1013 1541 1156 1583 Arveo
1182 1541 1461 1583 thesaurario
1490 1557 1650 1602 magno
1678 1542 1798 1583 cultu

295 1611 517 1664 inchoata,
543 1612 596 1653 ad
618 1612 751 1654 finem
768 1613 998 1670 perducta,
1025 1622 1068 1655 et
1089 1629 1277 1670 corpore
1301 1613 1441 1655 sancti
1457 1613 1639 1655 Martini
1655 1613 1798 1655 suble-

295 1692 410 1735 vato,
436 1700 533 1725 cum
558 1684 700 1744 gloria
723 1701 881 1745 magna
909 1695 1167 1727 consecrata
1184 1695 1251 1727 est
1273 1685 1318 1726 in
1340 1680 1509 1726 honore
1526 1702 1587 1726 ΧΠ
1610 1685 1797 1742 Aposto-

295 1754 453 1795 lorum.
481 1755 557 1796 His
581 1755 711 1796 etiam
733 1755 1013 1813 temporibus
1037 1756 1225 1798 ecclesia
1249 1756 1401 1798 Sancti
1423 1755 1547 1797 Petri
1570 1756 1688 1797 sedis
1705 1758 1797 1798 En-

296 1825 580 1885 golismensis
602 1826 804 1868 dedicata
827 1836 894 1868 est
915 1844 937 1868 a
958 1827 1103 1869 tribus
1127 1827 1369 1884 episcopis,
1390 1844 1412 1868 a
1436 1827 1624 1887 Signino
1649 1844 1795 1869 mona-

295 1897 377 1938 cho
400 1897 741 1958 Burdegalensi,
761 1915 782 1940 a
806 1898 1073 1940 Grimoardo
1087 1907 1130 1940 et
1150 1898 1295 1940 Islone
1312 1898 1446 1940 fratre
1469 1899 1602 1955 ejusc.
1623 1899 1794 1952 Quibus

293 1969 572 2026 temporibus
596 1970 785 2011 ecclesia
809 1980 984 2012 sanctae
1025 1970 1388 2013 Resurrectionis
1432 1979 1533 2012 ante
1564 1971 1793 2013 basilicam

294 2041 412 2083 beati
446 2042 661 2099 Eparehii
690 2051 836 2084 terrae
869 2045 1020 2084 motu‘¹
1044 2044 1253 2084 subversa
1283 2052 1365 2094 est,
1391 2052 1435 2084 et
1456 2042 1623 2084 ibidem
1651 2044 1796 2085 cloca-

296 2113 409 2154 rium
433 2113 660 2171 inceptum
691 2123 774 2156 est.
807 2114 1062 2156 Gisleberto
1100 2131 1293 2173 quoque,
1325 2114 1555 2156 Pictavino
1583 2114 1795 2173 episcopo

297 2185 675 2239 reverentissimo,
713 2186 830 2228 diem
864 2187 1097 2229 claudente
1132 2196 1174 2228 et
1212 2186 1490 2229 Malliacensi
1525 2187 1794 2229 monasterio

297 2257 493 2311 humato,
520 2258 1013 2317 succedit—Isembertus
1036 2259 1312 2316 cpiscopus5.

330 2408 366 2451 b)
390 2408 606 2440 erubescans
627 2409 666 2440 A.
687 2425 728 2434 —
747 2408 779 2450 c)
801 2410 909 2440 fratre
930 2408 1004 2450 ejus
1025 2409 1119 2439 deest
1136 2409 1172 2440 C.
1193 2426 1232 2434 —-—
1251 2409 1285 2452 d)
1306 2409 1409 2441 ruina
1429 2409 1546 2442 subita
1566 2410 1602 2441 C.

329 2591 358 2622 1.
385 2591 545 2621 Jourdan
569 2591 609 2620 dc
631 2590 743 2620 Laron
766 2590 1020 2631 (1020-v.1052>.

327 2633 358 2663 2.
380 2632 483 2662 Dcols
511 2643 553 2662 ou
579 2633 821 2671 Bourg-Deols
844 2643 886 2661 ou
910 2631 1140 2672 Bourg-Dieu,
1163 2643 1191 2662 c.
1216 2643 1285 2663 arr.
1315 2634 1356 2664 de
1377 2633 1620 2664 Chateauroux
1640 2634 1804 2675 (Indre).'

325 2675 357 2704 3.
378 2675 757 2714 Argenton-s-Crcusc,
775 2684 845 2704 arr.
868 2674 908 2703 dc
930 2674 1171 2705 Chatcauroux
1189 2675 1333 2716 (Indrc).

324 2716 355 2746 4.
378 2715 523 2751 Massai,
539 2727 567 2746 c.
592 2716 632 2745 dc
657 2715 813 2751 Vierzon,
837 2726 906 2746 arr.
924 2716 965 2745 de
989 2716 1144 2756 Bourgcs
1165 2716 1292 2756 (Chcr).

325 2758 354 2786 5.
380 2757 595 2794 Gislehert1‚
618 2759 748 2798 eveque
768 2757 809 2787 de
831 2756 977 2787 Poitiers
1001 2758 1195 2798 (975-1020).
1225 2758 1394 2789 {sembert
1418 2759 1443 2795 Ι,
1484 2769 1546 2788 son
1588 2769 1792 2789 successeur
