1908 3256
115 395 180 422 1018

299 275 372 312 176
820 284 1007 309 Anmmm
1039 283 1280 310 CHRONICON

354 378 426 421 53.
464 403 522 409 -
551 377 614 417 Eo
649 385 850 432 tempore
880 374 1053 416 infinita
1086 374 1323 416 multitudo
1350 375 1706 415 Normannorum
1747 389 1800 415 ex

296 449 603 490 Danamarcha
637 457 679 489 et
711 449 855 488 Ircsca
879 447 1062 507 regione
1093 462 1191 487 cum
1214 446 1383 487 classe&
1404 446 1637 487 innumera
1665 461 1799 502 appu-

299 520 445 562 lerunt
470 530 648 577 portum
671 519 1026 577 Aquitanicum1.
1053 520 1107 559 Et
1125 518 1238 560 sicut
1261 527 1470 575 parentes
1506 526 1705 578 egerant,
1731 533 1800 558 co-

298 593 391 633 nati
421 602 521 634 sunt
544 609 720 633 omnem
748 591 1031 649 Aquitaniam
1056 591 1282 632 desertare
1312 599 1354 631 et
1382 589 1618 646 captivare.
1648 591 1800 647 Itaque

299 665 387 706 dux
409 664 678 706 fortissimus
700 664 956 708 W'illelmus
979 663 1155 704 mandat
1176 662 1340 720 ubique
1370 678 1449 719 per
1479 661 1729 719 episcopos,
1754 669 1802 702 ut

302 737 541 779 suaderent
570 738 746 795 plebem
768 736 949 778 Domini
972 735 1183 777 auxilium
1207 751 1305 776 cum
1337 733 1521 791 jejuniis
1550 743 1593 775 et
1625 732 1802 775 letaniis

300 809 561 865 implorare.
597 811 695 865 Ipse
735 824 857 859 vcro,
894 816 1165 867 congregata
1200 822 1329 847 manu
1363 805 1506 846 valida
1539 805 1799 855 electorum,

302 897 453 922 mense
505 890 709 941 augusto,
753 879 1014 921 imminente
1052 880 1142 936 jam
1180 887 1326 929 nocte,
1370 878 1488 919 circa
1530 878 1635 919 litus
1670 876 1804 918 maris

301 969 427 994 secus
457 969 531 994 eos
554 962 697 994 castra
720 951 958 1009 disposuit.
984 951 1151 1011 Pagani
1174 951 1376 992 videntes
1403 959 1569 992 tantam
1605 949 1806 991 multitu-

301 1024 467 1075 dinem,
504 1033 677 1066 terrore
719 1023 955 1081 compulsi,
989 1033 1081 1065 tota
1113 1032 1242 1064 nocte
1278 1023 1469 1064 minutas
1504 1022 1685 1063 scrobes
1726 1037 1806 1078 per

300 1096 534 1137 circuitum
553 1095 568 1117 ¹²
591 1096 798 1137 foderunt
822 1105 864 1137 et
893 1095 1139 1152 cespitibus
1162 1103 1452 1151 operuerunt,
1478 1103 1525 1135 ut
1547 1093 1806 1154 ignorantes

300 1168 473 1225 equites
496 1168 558 1208 ibi
582 1177 780 1209 ruerent.
808 1169 960 1224 Itaque
997 1183 1123 1208 mane
1153 1166 1299 1223 primo
1333 1166 1536 1208 incautus
1566 1164 1803 1214 exercitus,

301 1256 399 1281 cum
423 1240 534 1281 duce
552 1239 696 1297 prima
719 1239 879 1280 frontis
909 1239 1000 1280 acie
1024 1248 1360 1296 praecurrente,
1387 1255 1500 1296 equo
1517 1254 1650 1295 super
1671 1252 1806 1297 paga-

301 1328 381 1353 nos
404 1311 527 1352 frena
555 1312 723 1361 laxans,
760 1327 860 1352 mox
894 1327 973 1367 per
1007 1311 1189 1351 scrobes
1219 1310 1448 1351 dilabitur.
1480 1311 1535 1351 Et
1574 1308 1807 1350 ruentibus

302 1383 428 1440 equis
458 1399 556 1424 cum
599 1382 851 1424 sessoribus
893 1399 1119 1423 armorum
1166 1382 1365 1439 pondere
1396 1381 1610 1443 gravatis,
1646 1379 1809 1440 pagani

304 1455 466 1497 multos
508 1455 710 1512 capiunt,
744 1464 785 1496 et
814 1454 1061 1497 novissimii
1085 1454 1323 1505 exercitus,
1349 1454 1474 1496 tarde
1509 1462 1713 1495 caventes
1735 1451 1809 1493 do-

303 1528 409 1578 lum,
437 1527 562 1584 equis
586 1527 829 1568 dissiliunt.
858 1529 956 1584 Ipse
981 1527 1083 1578 dux,
1110 1543 1224 1584 equo
1257 1527 1461 1568 scrobem
1484 1525 1733 1576 offendens,
1764 1523 1809 1564 in

304 1616 519 1657 praeceps
541 1599 677 1649 venit,
705 1608 747 1640 et
775 1599 908 1640 armis
944 1608 1152 1640 oneratus
1177 1600 1359 1656 jamjam
1391 1598 1620 1640 deciderat
1645 1597 1691 1638 in
1725 1612 1811 1637 ma-

305 1687 410 1711 num
446 1670 819 1721 adversariorum,
852 1670 939 1712 nisi
976 1671 1087 1721 Deo,
1131 1670 1207 1727 qui
1249 1686 1351 1712 eum
1387 1664 1562 1727 semper
1597 1667 1807 1719 custodit,

306 1743 442 1783 robur
466 1751 507 1783 et
531 1751 724 1783 mentem
749 1742 789 1783 ei
812 1742 1113 1792 ministrante,
1137 1758 1296 1802 magno
1314 1742 1482 1798 impetu
1506 1741 1665 1782 saltum
1687 1739 1813 1781 daret

307 1823 349 1855 et
376 1813 657 1855 velocissimo
688 1830 820 1855 cursu
852 1830 948 1855 sese
980 1814 1190 1855 redderet
1219 1814 1324 1854 suis.
1368 1814 1472 1855 Mox
1506 1811 1812 1854 intermissum

308 1893 373 1926 est
403 1884 569 1925 bellum
600 1901 728 1925 causa
757 1894 1004 1941 captorum,
1038 1901 1091 1926 ne
1121 1884 1518 1936 interimerentur;
1548 1893 1674 1925 erant
1695 1883 1813 1925 enirn

309 1972 361 1997 ex
379 1956 695 1997 nobilioribus.
717 1957 826 1997 Cum
856 1973 907 1998 eo
936 1957 1006 1998 die
1030 1958 1083 1998 ab
1105 1957 1307 2014 utrisque
1331 1966 1581 2008 nutaretur,
1609 1954 1814 2013 sequenti

311 2037 457 2078 nocte,
490 2028 772 2085 plenitudine
809 2028 942 2069 maris
974 2028 1207 2079 invitante,
1245 2045 1343 2070 cum
1378 2028 1519 2086 captis
1547 2027 1720 2070 concite
1742 2043 1815 2084 pa-

314 2100 415 2160 gani
438 2100 623 2141 navibus
652 2100 872 2152 insiliunt,
899 2109 942 2142 et
963 2101 1126 2142 auxilio
1149 2101 1297 2161 pelagi
1325 2101 1591 2151 liberantur,
1623 2116 1704 2142 nec
1729 2115 1816 2140 am-

315 2173 430 2230 plius
453 2172 562 2213 fines
592 2172 691 2214 illos
714 2172 1055 2229 inquietaruntj.
1080 2174 1180 2214 Dux
1198 2182 1343 2214 autem
1372 2189 1453 2230 pro
1479 2172 1621 2230 captis
1643 2171 1817 2213 infinita

314 2244 513 2301 pondera
541 2244 715 2303 argenti
747 2244 883 2295 misit,
921 2254 964 2286 et
1002 2261 1364 2302 unumquemque
1398 2261 1590 2302 pensans
1630 2251 1816 2304 argento

316 2316 511 2358 redemit
532 2316 775 2357 hominem.

377 2389 447 2432 54.
486 2414 544 2419 -—
574 2388 677 2429 Fuit
717 2388 804 2429 dux
830 2388 913 2429 iste
943 2404 965 2429 a
1004 2388 1203 2445 puericia
1237 2389 1394 2430 doctus
1434 2388 1613 2440 litteris,
1645 2396 1688 2429 et
1714 2385 1819 2428 satis

322 2459 532 2501 noticiam
556 2460 877 2517 scripturarum
905 2460 1075 2501 habuit.
1106 2460 1343 2502 Librorum
1378 2460 1550 2518 copiam
1589 2460 1635 2501 in
1656 2458 1820 2517 palatio

364 2611 399 2645 g)
420 2604 535 2634 classa
551 2605 589 2635 A.
610 2622 651 2627 -
665 2603 700 2643 h)
723 2603 905 2634 circuitam
926 2604 968 2635 A.
988 2622 1026 2627 —
1047 2603 1072 2644 i)
1092 2604 1225 2635 novissi
1249 2604 1378 2646 A.—j)
1398 2603 1638 2645 inequitarunt
1656 2604 1697 2635 A.

365 2786 395 2817 1.
417 2785 602 2816 St-Michel
623 2795 663 2816 en
681 2785 826 2816 l'Herm.
