1908 3256
653 353 882 377 Avvlzxmffle
1453 350 1528 383 20:ss

36 440 192 477 nastico
225 439 362 478 habitu
390 442 595 489 defuncto,
625 443 767 480 ducem
791 455 866 493 pro
900 456 947 480 eo
984 444 1106 481 lilium
1138 445 1224 495 ejus
1260 445 1512 485 XVillclmum

37 505 177 543 habuit
196 505 430 558 Aquitania.

89 576 177 614 Rex
197 586 328 616 autem
351 577 585 623 Lotherius,
605 579 826 617 terminans
847 579 985 625 vitam,
1009 580 1133 618 filium
1156 583 1321 633 reliquit
1345 583 1506 621 Ludovi

37 656 126 681 cum
141 643 210 694 qui
228 657 308 681 uno
323 652 477 682 tantum
506 658 611 682 anno
641 645 884 696 supervixit,
909 653 946 682 et
963 659 1135 697 regnum
1157 661 1231 698 pro
1253 662 1298 685 eo
1322 649 1507 700 accipere

34 708 164 746 voluit
197 709 384 755 Carolus,
407 718 577 761 patruus
613 709 699 761 ejus
725 724 800 762 pro
828 724 890 757 eo,
913 712 984 748 sed
1006 724 1086 748 non
1108 713 1252 763 potuit,
1289 714 1383 764 quia
1413 714 1522 751 Deus

37 775 246 812 meliorem
268 775 391 827 elegit
409 776 568 813 occulto
587 775 763 827 judicio;
788 790 880 814 nam
906 776 1066 822 Franci,
1094 778 1193 815 inito
1217 779 1404 822 consilio,
1434 793 1523 817 eum

35 841 215 878 abiciunt
230 849 268 879 et
287 841 473 892 Ugonem
496 842 654 887 ducem,
678 842 803 879 filium
829 842 1003 893 Ugonis,
1024 856 1162 894 regem
1186 844 1355 895 eligunt.
1378 844 1459 881 Ilac
1479 846 1527 882 de

36 919 171 951 causa,
199 907 422 958 episcopus
445 901 598 945 Montis
619 907 917 953 Leudenensis,
941 907 1413 954 Ascelinus,ebdomada
1447 924 1530 947 ma-

29 970 124 1023 jora
144 972 184 1009 in
208 986 286 1023 qua
308 981 370 1010 est
392 986 517 1010 coena
533 973 700 1010 Domini
720 981 757 1010 et
780 972 1026 1019 parasceve,
1045 982 1082 1011 et
1105 975 1289 1012 sabbatto
1315 983 1403 1011 ante
1427 975 1529 1012 Pas-

36 1038 122 1083 cha,
146 1038 255 1076 velut
274 1038 399 1076 Judas
435 1038 646 1077 Christum
663 1039 846 1081 tradidit,
864 1039 1032 1076 tradidit
1056 1039 1263 1085 Carolum,
1289 1041 1372 1090 qui,
1397 1039 1530 1078 Aure-

35 1103 154 1141 lianis
186 1104 404 1142 incarcere
427 1113 566 1142 trusus
590 1118 720 1155 usque
735 1105 783 1141 ad
806 1113 993 1150 mortem,
1028 1105 1082 1141 ibi
1102 1105 1242 1156 genuit
1264 1106 1368 1142 lilios
1401 1105 1529 1142 Caro-

36 1170 117 1207 lum
134 1178 173 1207 et
211 1169 479 1215 Ludovicum,
522 1178 560 1208 et
588 1178 771 1207 mortuus
810 1178 885 1213 est,
930 1178 968 1207 et
997 1171 1157 1221 expulsi
1193 1180 1285 1208 sunt
1307 1171 1377 1208 filii
1401 1169 1487 1222 ejus
1510 1185 1530 1208 a

38 1234 206 1272 Francis
221 1236 478 1287 profectique
496 1244 590 1273 sunt
609 1236 657 1273 ad
676 1236 965 1287 imperatorem
982 1235 1257 1273 Romanorum
1276 1245 1313 1273 ct
1329 1236 1530 1274 habitave—

38 1310 132 1339 runt
153 1315 242 1339 cum
263 1315 324 1339 eo.

93 1379 152 1417 Eo
188 1387 388 1431 tempore,
428 1379 560 1417 Otone
596 1380 776 1417 secundo
810 1379 1023 1425 moriente,
1063 1379 1141 1418 Oto
1172 1380 1277 1422 filius
1319 1378 1407 1431 ejus
1446 1388 1530 1417 ter-

38 1445 140 1492 cius,
180 1453 269 1483 actu
309 1454 347 1483 et
387 1446 549 1483 nomine
584 1445 800 1497 imperium
841 1446 1079 1497 assumpsit,
1116 1446 1199 1497 qui,
1245 1444 1530 1496 philosophiae

35 1512 215 1549 intentus
239 1519 277 1549 et
298 1511 410 1549 lucra
427 1511 581 1549 Christi
603 1512 788 1563 cogitans
812 1519 854 1549 ut
876 1520 965 1549 ante
983 1511 1160 1549 tribunal
1178 1510 1329 1562 judicis
1346 1511 1531 1562 duplica-

34 1586 118 1616 tum
140 1577 334 1615 talentum
353 1579 558 1622 redderet,
583 1577 660 1615 Dei
681 1577 888 1615 voluntate
922 1577 1098 1628 populos
1131 1577 1310 1628 ungriae
1341 1590 1419 1614 una
1441 1589 1530 1614 cum

34 1656 132 1695 rege
154 1656 295 1681 eorum
317 1644 367 1680 ad
382 1643 502 1681 fidem
538 1643 692 1681 Christi
724 1651 963 1681 convertere
993 1643 1151 1680 meruit.
1178 1642 1254 1679 Hic
1277 1641 1528 1687 Girbertum,

35 1708 391 1760 archiepiscopum
425 1708 629 1754 Ravenae,
655 1717 826 1760 propter
861 1722 1056 1746 summam
1086 1707 1388 1759 philosophiam
1420 1720 1531 1744 sum-

35 1788 99 1812 mo
121 1787 257 1812 amore
273 1775 481 1820 excolens,
506 1775 710 1813 ordinavit
733 1788 823 1812 eum
845 1788 991 1826 papam
1010 1774 1249 1824 vocavitque
1274 1786 1420 1810 nomen
1444 1771 1530 1823 ejus

35 1839 296 1887 silvestrum,
314 1849 353 1878 et
370 1842 601 1892 praefectus
618 1841 770 1878 Romae
789 1840 1067 1885 Crescentius,
1093 1853 1181 1877 cum
1199 1848 1338 1876 contra
1357 1838 1530 1875 Otonem

34 1905 251 1957 imperium
270 1906 394 1945 vellet
425 1907 624 1958 arripere,
655 1907 816 1944 tandem
840 1915 1003 1944 coactus
1027 1906 1068 1942 in
1096 1914 1207 1943 turre
1236 1918 1338 1956 quae
1364 1911 1532 1941 vocatur

35 1969 146 2008 Inter
160 1971 285 2009 coelis
307 1972 375 2009 diu
392 1972 535 2017 evasit,
561 1973 633 2009 sed
652 1980 883 2023 expugnata
900 1971 991 2022 ipsa
1005 1979 1116 2008 turre
1133 1979 1275 2021 captus
1293 1978 1330 2007 et
1350 1968 1531 2020 patibulo

34 2050 264 2088 suspensus
295 2046 370 2075 est.
397 2037 473 2075 His
505 2038 648 2076 diebus
681 2046 845 2075 sanctus
880 2038 1005 2074 abbas
1044 2035 1218 2086 Majolus
1247 2034 1531 2072 Cluniacencis

36 2103 225 2154 migravit
246 2103 295 2140 ad
318 2103 553 2149 Dominum,
579 2111 617 2140 et
644 2102 751 2153 Ugo,
782 2116 853 2140 rex
876 2102 1141 2146 Francorum,
1179 2109 1331 2137 amator
1369 2107 1530 2136 sanctae

38 2168 264 2214 Ecclesiae,
287 2177 470 2207 mortuus
490 2177 566 2216 est,
591 2177 628 2206 et
655 2169 844 2220 regnavit
867 2182 944 2219 pro
970 2181 1016 2205 eo
1040 2167 1265 2204 Rotbertus
1289 2165 1396 2203 filius
1425 2163 1527 2215 ejuS.

94 2246 266 2284 Hisdem
286 2247 557 2298 temporibus,
590 2247 837 2284 rebellantes
860 2245 1027 2297 Bulgari
1059 2244 1249 2282 Greciam
1270 2243 1390 2281 nimis
1413 2255 1530 2279 exas-

37 2321 301 2365 peraverunt,
345 2321 383 2350 et
419 2313 598 2350 Basilius
633 2313 869 2364 imperator,
903 2325 1029 2362 super
1068 2324 1137 2348 eos
1176 2309 1298 2346 nimis
1330 2308 1527 2352 irritatus,

36 2388 131 2417 voto
150 2393 193 2417 se
213 2379 410 2430 obligavit
436 2378 522 2415 Deo
545 2391 756 2415 monacum
777 2377 864 2414 fieri
894 2377 928 2414 si
960 2376 1104 2413 Grecis
1135 2389 1203 2412 eos
1241 2375 1434 2411 subderet
1458 2387 1464 2417 ;
1491 2381 1529 2409 et

34 2458 110 2496 per
131 2458 258 2482 annos
280 2456 332 2481 xv
355 2457 443 2481 cum
463 2443 579 2481 hoste
603 2456 727 2493 super
745 2456 815 2480 eos
833 2442 1039 2485 laborans,
1066 2442 1115 2478 ad
1138 2440 1339 2484 ultimum,
1364 2437 1529 2489 regibus

36 2523 175 2547 eorum
213 2509 434 2561 prostratis
474 2508 658 2545 Samuele
707 2516 745 2545 et
791 2507 945 2553 Aaron,
997 2519 1157 2543 omnem
1199 2513 1348 2541 terram
1390 2516 1529 2539 corum

36 2575 227 2627 optinuit,
257 2583 295 2613 et
323 2575 569 2613 fortissimas
611 2573 794 2611 civitates
827 2582 865 2611 et
892 2573 1057 2610 castella
1088 2570 1289 2621 confregit
1315 2578 1352 2606 et
1374 2569 1529 2604 Grecos

36 2650 79 2679 ut
102 2642 309 2693 praesidia
343 2650 483 2678 contra
516 2653 586 2677 eos
627 2639 778 2690 ubique
805 2639 1026 2683 ordinavit,
1063 2636 1345 2688 populumque
1378 2633 1530 2684 Bulgzi-

37 2721 176 2745 rorum
216 2708 388 2745 maxima
421 2721 469 2744 ex
498 2715 612 2758 parte
648 2706 688 2742 in
726 2705 912 2742 Greciam
943 2703 1186 2755 captivavit3
1225 2709 1262 2737 et
1300 2700 1403 2737 sicut
1435 2706 1530 2735 volo

36 2773 298 2823 promiserat,
323 2773 502 2810 habitum
526 2771 793 2808 monasticum
816 2770 948 2808 Greca
968 2770 1098 2820 ligura
1123 2767 1384 2809 subindutus,
1409 2764 1447 2799 in
1472 2776 1530 2799 ῐϊ-

37 2837 192 2888 liquum
215 2847 277 2879 est
298 2839 407 2875 omni
427 2838 530 2875 vitae
557 2850 651 2874 suae
674 2845 857 2887 tempore
880 2850 900 2873 a
923 2834 1139 2871 concubitu
1162 2840 1199 2869 et
1222 2831 1411 2867 carnibus
1435 2830 1529 2865 abs-
