1908 3256
260 258 309 295 26
787 268 972 293 Anmmm
1004 267 1243 293 CHnoNICON

260 371 414 401 mortua
443 371 517 400 cst.
550 370 587 399 et
612 362 793 399 parisius
816 362 1027 412 deportata
1058 361 1098 398 in
1131 361 1297 398 basilica
1333 362 1459 399 sancti
1494 361 1622 409 Petri,
1643 360 1758 413 juxta

259 438 414 481 patrem
438 444 551 465 suunt
570 429 769 480 sepultam.
791 428 1105 466 Childcbertus¹¹
1127 428 1234 465 inter
1248 428 1431 479 reliquos
1451 427 1666 466 thesauros
1687 429 1757 467 mi-

260 496 428 533 nisteria
450 496 711 532 ecclesiarum
744 494 887 532 detulit
907 494 955 531 de
982 494 1090 531 vasis
1111 493 1397 531 salomoniacis
1415 494 1756 545 preciosissimis,

263 562 472 613 sexaginta
497 561 657 607 calices,
677 560 909 612 quindecim
930 568 1114 611 patenaS,
1133 560 1279 612 viginti
1302 574 1461 612 capsaS,
1488 560 1700 612 evangelia
1713 573 1760 598 ex

261 641 358 664 auro
378 628 602 678 purissimo
619 627 840 679 gemmario
855 639 978 678 opere
995 626 1152 671 celata⁰‚
1170 626 1341 678 pulchre
1356 632 1530 674 ornatav,
1549 626 1760 678 noluitque

262 707 306 730 ea
322 694 598 745 confringere,
622 702 827 744 totamque
849 706 924 744 per
947 693 1142 730 ecclesias
1165 693 1435 745 dispensavit.

316 762 378 797 23.
400 781 450 787 -—-
473 759 517 796 In
539 759 620 797 illis
645 759 804 805 diebus,
831 757 1065 796 Crochildis
1089 759 1233 811 regina
1261 772 1351 797 cum
1383 759 1569 798 Parisius
1601 760 1762 798 reside-

263 834 339 870 ret,
362 826 506 863 videns
530 825 819 864 Childebertus
852 838 922 862 rex
956 824 1066 876 quod
1087 825 1196 863 filios
1221 826 1359 864 fratris
1381 827 1444 864 sui
1463 826 1641 865 senioris
1664 825 1762 865 Clo-

264 891 435 929 domiris
465 893 620 943 prefata
647 891 790 943 regina
810 900 937 929 mater
952 891 1083 943 ipsius
1102 892 1302 930 enutriret
1324 900 1361 930 et
1382 893 1504 931 nimis
1521 906 1591 931 eos
1613 892 1763 944 dilige-

264 966 338 1004 ret,
356 958 539 1009 cogitans
557 958 666 1009 quod
677 971 746 995 eos
766 971 885 1010 reges
900 959 1050 995 facere01
1072 958 1287 1010 cogitaret,
1304 958 1405 996 dixit
1423 958 1633 997 Clothario
1649 955 1763 996 fratri

264 1037 336 1061 suo
362 1039 369 1060 ε
398 1040 414 1058 «
434 1023 564 1061 Mater
586 1032 726 1061 nostra
749 1023 855 1062 filios
878 1023 1014 1061 fratris
1036 1024 1169 1062 nostri
1208 1037 1345 1062 secum
1369 1024 1519 1062 retinet
1551 1032 1589 1062 et
1622 1032 1762 1062 tenere

268 1106 283 1123 α
318 1090 468 1141 diligit,
493 1104 645 1142 eosque
667 1091 707 1128 in
730 1104 858 1143 regno
876 1090 1013 1129 fratris
1034 1092 1168 1129 nostri
1190 1091 1277 1129 vult
1295 1091 1469 1129 elevare.
1496 1090 1683 1129 Consilio
1701 1103 1762 1127 ac-

267 1173 281 1189 ‹,‹
307 1164 742 1207 cepto,pertractemus
765 1157 863 1208 quid
885 1158 934 1195 de
956 1157 1015 1195 eis
1035 1156 1332 1196 faciamus.Aut
1353 1157 1586 1196 tondamusr
1604 1170 1674 1195 eos
1697 1165 1773 1195 aut.

269 1239 283 1256 z<
318 1222 621 1268 interficiamus,
665 1236 920 1275 regnumque
963 1224 1100 1261 fratris
1140 1224 1288 1271 nostri,
1312 1223 1443 1275 patris
1466 1236 1622 1270 eorum,
1656 1223 1764 1260 inter

269 1305 285 1323 α
319 1302 394 1326 nos
417 1289 660 1327 dividamus.
682 1306 698 1324 »
725 1289 776 1327 Et
798 1290 997 1328 miserunt
1011 1291 1060 1328 ad
1079 1290 1263 1342 reginam
1287 1290 1475 1328 Parisius
1496 1288 1761 1336 Archadium,

265 1355 442 1392 nobilem
464 1356 595 1394 virum
614 1364 651 1394 et
665 1357 928 1403 industrium,
953 1357 1096 1395 dolose
1118 1356 1301 1395 dicentes
1330 1370 1337 1392 τ
1363 1372 1380 1391 ((
1397 1356 1474 1393 Dic
1488 1356 1604 1394 matri
1623 1362 1763 1393 nostre

269 1439 285 1456 (ι
319 1430 361 1458 ut
382 1422 510 1459 mittat
524 1423 573 1460 ad
595 1436 669 1460 nos
691 1423 797 1461 filios
821 1423 957 1461 fratris
978 1423 1310 1475 nostri,nepotes
1333 1430 1516 1467 nostrOS‚
1542 1429 1585 1460 ut
1606 1435 1675 1459 eos
1697 1434 1765 1459 re-

270 1504 286 1522 «
312 1501 384 1538 ges
407 1488 714 1526 constituamus.
741 1505 756 1523 n
790 1488 843 1526 At
869 1489 938 1526 illa
959 1490 1132 1527 credens
1152 1488 1228 1526 hoc
1248 1502 1391 1526 verum
1426 1501 1532 1535 esse,
1565 1488 1764 1540 gaudenS,

267 1553 380 1604 ipsos
402 1554 642 1592 transmisit.
667 1554 719 1592 At
737 1555 795 1592 illi
815 1555 949 1593 statim
971 1555 1220 1593 remiserunt
1245 1553 1494 1592 Archadium
1513 1554 1562 1592 ad
1583 1553 1766 1605 reginam

267 1620 449 1657 dicentes
475 1634 482 1655 :
510 1636 527 1655 ι(
558 1620 642 1658 Hee
677 1629 769 1658 sunt
792 1621 991 1672 forcipesS
1013 1629 1052 1659 et
1085 1620 1150 1658 hic
1180 1628 1242 1658 est
1276 1619 1546 1673 gladius-Sic
1577 1619 1769 1657 mandant

271 1702 286 1720 α
304 1686 375 1723 filii
399 1687 456 1724 tui
477 1702 483 1723 :
510 1687 544 1724 si
571 1687 649 1734 vis,
681 1688 818 1734 tonde,
839 1695 905 1725 aut
926 1687 1064 1739 gladio
1089 1687 1290 1739 perime.»
1325 1686 1399 1724 Illa
1419 1699 1518 1724 vero
1539 1699 1614 1738 pre
1641 1685 1767 1722 nimio

268 1752 409 1790 dolore
431 1760 469 1790 et
484 1754 750 1791 amaritudine
765 1754 903 1792 cordis
922 1767 1012 1792 cum
1031 1754 1211 1792 lacrimis
1226 1754 1281 1791 ait
1303 1769 1310 1790 :
1329 1769 1346 1788 r<
1372 1752 1478 1791 Satis
1500 1752 1682 1803 undique
1704 1764 1766 1789 me

271 1836 286 1853 a
320 1819 506 1871 angustie
538 1821 825 1871 comprimunt.
858 1821 899 1858 Si
929 1835 1102 1873 regnare
1129 1834 1211 1858 non
1242 1821 1406 1867 debent,
1441 1819 1541 1871 quid
1568 1817 1665 1856 mihi
1697 1831 1767 1856 eos

272 1902 288 1920 «
313 1885 516 1923 enutrisse
530 1886 710 1937 profuit?
726 1886 874 1924 Melius
889 1895 949 1925 est
969 1887 1069 1924 mori
1081 1900 1200 1938 quam
1219 1887 1389 1925 tondere
1404 1889 1438 1924 l»
1453 1886 1536 1924 Nec
1548 1898 1676 1932 mora,
1695 1885 1767 1922 ad-

267 1950 485 2002 prehendit
510 1952 743 1990 Clotharius
762 1967 934 2005 puerum
956 1954 1178 2001 seniorem,
1201 1953 1494 2005 proiciensque
1514 1952 1578 1990 tin
1599 1959 1766 1996 terram,

270 2018 406 2055 defixit
425 2019 598 2056 cultrum
614 2019 655 2057 in
671 2020 819 2058 ascella
835 2019 937 2071 ejus,
953 2021 1418 2072 qui,transverberatUS,
1433 2018 1568 2057 statim
1585 2025 1769 2055 mortuus

271 2093 345 2122 est.
374 2084 516 2122 Frater
544 2099 705 2137 quoque
741 2084 827 2137 ejus
844 2085 1010 2137 junioru
1031 2100 1119 2124 cum
1140 2086 1217 2123 hoc
1238 2085 1426 2132 vidisset,
1457 2082 1632 2136 projecit
1655 2096 1697 2120 se
1720 2083 1769 2120 ad

270 2151 397 2201 pedes
415 2150 684 2195 Childeberti,
701 2151 834 2190 flendo
851 2152 991 2190 dicens
1011 2167 1017 2188 :
1043 2168 1059 2187 «
1083 2152 1286 2190 Succurre
1303 2150 1417 2198 mihi,
1433 2149 1622 2202 piissime
1636 2156 1767 2200 pater,

276 2234 291 2250 c<
317 2230 366 2254 ne
383 2226 421 2254 et
444 2231 519 2269 ego
542 2232 705 2269 peream
733 2219 837 2256 sicut
860 2220 983 2256 frater
1005 2232 1133 2256 meus.
1155 2234 1171 2253 n
1195 2219 1308 2256 Tunc
1330 2217 1636 2263 Childebertus,
1659 2228 1771 2253 com-

274 2292 407 2321 motus
440 2283 635 2328 lacrimis,
672 2284 749 2321 ait:
790 2301 805 2319 «
833 2284 1019 2322 Obsecro
1048 2293 1102 2329 te,
1143 2284 1380 2323 dulcissime
1409 2284 1545 2330 frater,
1572 2290 1615 2319 ut
1651 2279 1771 2333 hujus

276 2367 291 2383 <‹
328 2350 449 2387 vitam
472 2358 537 2387 tua
562 2350 748 2402 largitate
770 2350 866 2388 mihi
901 2352 1125 2389 concedere
1147 2350 1309 2402 jubeas,
1335 2358 1373 2387 et
1400 2357 1771 2401 quantumcumque

277 2432 291 2449 r<
316 2415 513 2461 volueris,
528 2430 603 2467 pro
618 2416 693 2453 hoc
709 2417 812 2454 dabo
832 2416 947 2453 tibi.»
967 2415 1113 2464 Atille,
1131 2417 1191 2455 ira
1210 2428 1450 2463 succensus,
1467 2415 1541 2453 ait:
1558 2430 1574 2450 «
1592 2412 1673 2452 Aut
1687 2413 1771 2451 eice

283 2498 298 2515 «
334 2495 423 2519 eum
441 2491 527 2527 ate,
553 2491 619 2520 aut
640 2491 749 2520 certe
780 2496 855 2534 pro
883 2495 930 2520 eo
960 2483 1165 2520 morieris.
1200 2481 1260 2520 Tu
1285 2495 1328 2520 es
1356 2481 1425 2533 qui
1446 2479 1523 2519 hoc
1557 2479 1772 2518 consilium

281 2564 296 2581 «
324 2547 470 2585 malum
495 2548 760 2599 perpetrasti,
795 2556 832 2585 et
866 2549 985 2586 modo
1007 2548 1068 2586 vis
1099 2548 1274 2586 liberare
1299 2560 1403 2585 eum.
1437 2562 1454 2581 ι)
1480 2545 1568 2584 Hoc
1584 2545 1768 2591 audiens,
1790 2589 1793 2592 ¹

319 2694 362 2732 m)
380 2693 516 2733 sepulta
542 2696 594 2722 est
615 2693 650 2727 F,
674 2692 712 2723 G.
736 2711 776 2714 -—
804 2694 836 2731 ιι)
859 2703 940 2722 vero
962 2692 998 2727 E,
1027 2692 1063 2725 F,
1093 2692 1132 2725 G.
1154 2710 1195 2715 -—
1228 2692 1260 2731 ο)
1283 2692 1424 2726 celat-35,
1446 2691 1483 2724 A,
1506 2691 1545 2725 D,
1568 2690 1604 2720 E.
1620 2707 1662 2712 -
1681 2689 1718 2730 Ρ)
1739 2693 1771 2718 et

272 2735 417 2774 pulchre
445 2738 586 2764 ornatas
608 2736 645 2767 A,
669 2735 706 2765 D.
724 2734 760 2764 E.
784 2752 823 2756 —-
843 2735 878 2773 q)
900 2734 1013 2764 facere
1040 2733 1143 2764 vellet
1163 2734 1198 2764 F.
1222 2734 1260 2764 G.
1283 2752 1324 2756 —-
1343 2738 1372 2773 r)
1393 2732 1576 2762 tondemus
1597 2732 1634 2767 A,
1658 2730 1696 2761 D.
1730 2749 1771 2752 —

273 2777 301 2816 s)
325 2776 472 2816 forpices
495 2778 530 2807 A,
550 2776 584 2807 l),
601 2776 634 2805 li.
664 2794 704 2797 —ffl
725 2778 749 2815 t)
771 2775 1014 2815 proiciensque
1039 2785 1117 2805 eum
1133 2776 1167 2811 F,
1191 2775 1229 2806 G.
1253 2793 1294 2798 —-
1314 2774 1348 2814 u)
1370 2773 1482 2804 minor
1502 2773 1538 2809 F,
1562 2773 1600 2804 G.
