1908 3256
113 456 179 482 Itum

119 1339 184 1365 ¹002

119 1552 185 1578 1022

304 275 377 310 160
827 289 1015 314 Anmmm
1049 290 1292 316 cnnoxmox

304 392 480 418 carcere
504 376 549 418 in
572 386 693 419 turre
717 379 989 420 Lemovicae.
1016 380 1071 421 Et
1099 379 1307 421 dimissus
1338 381 1461 437 juxta
1501 380 1802 423 conditionem

306 448 538 493 XYidonis,
572 451 754 491 Romam
779 451 903 496 abiit,
928 451 1162 492 Gibertum
1191 468 1348 508 papam
1378 452 1696 509 interpellavit.
1738 453 1805 495 Ibi

304 519 447 564 NYido
472 529 676 561 evocatus
709 529 773 562 cst
802 521 854 561 ad
879 521 1096 577 judicium
1126 538 1273 562 coram
1302 538 1428 579 papa.
1466 523 1521 563 Et
1561 539 1659 564 cum
1689 523 1803 580 -ipso

305 592 604 633 sacratissimo
628 592 698 634 dic
721 594 915 635 Paschae
939 610 1068 635 causa
1102 594 1310 635 ventilata
1333 603 1466 645 esset,
1511 603 1553 636 et
1587 611 1609 636 a
1650 604 1804 636 senatu

304 663 473 719 prolata
498 664 721 705 sentencia
743 664 989 721 judicatum
1014 675 1146 717 esset,
1172 675 1219 706 ut
1246 665 1390 706 omnis
1431 665 1507 723 qui
1547 666 1805 723 episcopum

304 734 419 790 capit
450 734 501 775 ad
525 734 973 777 collaindomitorum
1010 752 1223 794 equorum
1266 736 1445 796 ligatusO
1485 737 1674 794 pedibus
1714 737 1806 778 dis-

303 815 532 862 rumpatur
561 815 601 847 et
638 806 813 847 demum
848 824 868 848 a
899 807 1002 848 feris
1042 808 1325 859 dilaceretur,
1370 808 1560 850 traditus
1601 825 1702 850 mox
1741 818 1807 851 est

303 877 514 934 episcopo
544 877 809 919 Grimoardo
839 879 891 920 ad
926 880 1284 931 custodiendum,
1324 889 1424 937 post
1459 880 1577 922 diem
1616 880 1805 922 tercium

302 949 543 990 tradendus
573 950 625 991 ad
654 967 829 1007 penam.
876 952 963 993 Sed
1004 952 1050 993 hi
1085 952 1171 994 duo
1214 953 1329 994 inter
1371 969 1415 993 se
1464 952 1802 1003 concordantes,

303 1022 431 1063 amici
455 1022 555 1064 sacti
580 1032 696 1074 sunt,
723 1032 762 1064 et
787 1032 886 1064 ante
916 1024 1033 1065 diem
1057 1024 1311 1066 condictum
1341 1024 1452 1066 clam
1474 1026 1614 1066 Roma
1636 1024 1806 1085 egressi

302 1093 469 1135 reversi
491 1104 591 1136 sunt
619 1094 672 1135 ad
701 1094 921 1151 propria'.

362 1173 434 1217 37.
459 1199 516 1203 —
538 1172 772 1214 Hainricus
800 1190 904 1215 vero
928 1173 1171 1230 imperator
1214 1190 1312 1215 cum
1357 1173 1674 1233 Langobardos
1721 1172 1807 1215 sibi

306 1244 557 1301 repperiret
598 1245 863 1295 contrarios,
905 1245 1040 1286 misso
1086 1245 1279 1286 Rodulso
1324 1261 1428 1304 rege
1464 1244 1802 1305 Burgundiae‘ssv,

306 1317 486 1373 Papiam
503 1316 678 1357 obsedit
701 1317 967 1358 etincendio
989 1316 1190 1367 tradidit,
1217 1326 1259 1358 et
1288 1316 1499 1374 palatium
1540 1316 1585 1357 in
1632 1332 1681 1357 ea
1721 1314 1806 1356 sibi

307 1388 568 1437 aedificavit,
595 1397 637 1429 et
653 1388 923 1429 rebellantes
948 1388 1032 1429 sibi
1062 1388 1226 1429 servire
1250 1387 1412 1447 coegit.
1444 1389 1589 1429 Duces
1630 1402 1806 1444 quoque

308 1462 557 1519 Gregorum
582 1477 679 1501 cum
703 1469 850 1516 partes
868 1461 962 1517 ejus
985 1460 1261 1509 invaderent,
1293 1459 1495 1500 ordinata
1524 1458 1806 1515 expeditione

305 1548 404 1573 oras
424 1532 640 1589 Appuliae
670 1542 925 1588 penctrans,
951 1541 1015 1573 tot
1045 1532 1140 1573 dies
1169 1531 1464 1592 expugnando
1492 1531 1691 1572 civitates
1732 1546 1807 1571 eo-

305 1620 401 1644 rum
425 1603 486 1644 ibi
510 1603 672 1663 exegit,
695 1620 927 1661 usquequo
950 1603 1207 1661 pestilentia
1230 1603 1450 1644 exercitus
1467 1604 1561 1660 ejus
1585 1602 1808 1643 laboraret

305 1675 455 1732 sicque
480 1677 812 1716 reverte1·etur³.
839 1675 918 1716 Hic
942 1675 985 1716 in
1002 1684 1121 1716 terra
1144 1675 1390 1716 Theodisca
1413 1691 1434 1715 a
1454 1683 1565 1716 novo
1585 1672 1806 1714 civitatem

304 1747 551 1789 aedificavit
578 1747 791 1789 vocabulo
833 1748 1088 1807 Baenburg,
1133 1763 1262 1804 quam
1295 1746 1563 1787 Benedictus
1610 1760 1722 1802 papa
1761 1744 1806 1785 in

304 1821 472 1861 honore
500 1819 581 1860 Dei
614 1818 845 1878 genitricis
868 1817 1157 1868 consecravit,
1187 1826 1229 1858 ct
1257 1816 1514 1874 parrochias
1542 1815 1586 1857 in
1618 1815 1807 1857 circuitu

305 1908 357 1933 ex
385 1907 658 1951 paganorum
687 1890 793 1931 vicis
817 1900 859 1932 et
881 1889 1074 1947 oppidis,
1099 1889 1201 1930 dum
1230 1896 1613 1939 converterentur,
1654 1887 1807 1929 attitu-

306 1963 410 2004 lavit
432 1963 485 2004 ad
506 1963 642 2004 illam.
669 1962 748 2004 Hie
766 1961 1048 2003 Cluniacensi
1071 1961 1287 2003 coenobio
1304 1960 1493 2002 contulit
1514 1959 1644 2011 dona,
1679 1974 1806 2016 scep-

307 2043 424 2076 trum
436 2051 818 2091 aureum,speram
832 2034 1347 2085 auream,vestimentum
1360 2031 1590 2090 imperiale
1605 2047 1802 2081 aureum,

308 2123 515 2147 coronam
531 2123 724 2156 auream,
746 2106 1004 2147 crucifixum
1028 2122 1225 2155 aureum,
1242 2105 1494 2162 pensantiaq
1516 2103 1647 2145 simul
1670 2102 1806 2143 libras

309 2179 357 2229 (2,
385 2187 425 2219 et
465 2178 547 2219 alia
564 2178 715 2228 multa,
735 2187 891 2219 etcum
909 2177 1098 2219 Odilone
1113 2178 1271 2218 abbate
1288 2176 1487 2234 ejusdem
1503 2175 1589 2217 loci
1606 2173 1806 2216 crebrius

310 2249 580 2307 colloquium
604 2249 819 2291 familiare
849 2250 1099 2300 exercebat,
1126 2259 1168 2291 et
1196 2249 1240 2290 in
1275 2248 1371 2290 aula
1411 2247 1563 2306 palatii
1600 2246 1667 2288 sui
1707 2261 1828 2287 eum*

309 2337 413 2377 prae
433 2321 638 2363 omnibus
660 2321 863 2363 ducebat.

354 2464 387 2504 o)
418 2465 555 2505 legatus
585 2465 621 2495 A.
648 2464 741 2505 —p)
771 2468 895 2505 nepote
929 2474 990 2494 suo
1024 2463 1105 2494 add.
1138 2463 1174 2494 C.
1198 2482 1237 2486 —
1256 2464 1290 2504 q)
1320 2462 1502 2504 pensentia
1521 2463 1558 2493 A.

358 2663 386 2692 1.
411 2662 546 2692 Aimoin
571 2666 624 2692 est
644 2672 766 2692 encore
787 2672 827 2691 en
861 2661 1050 2691 desaccord
1078 2672 1138 2691 sur
1164 2671 1201 2691 ce
1233 2660 1333 2701 point
1358 2671 1441 2691 avec
1466 2659 1617 2690 Ademar
1645 2659 1690 2700 (v.
1717 2657 1803 2690 Gall.

312 2704 437 2734 Christ.
462 2705 543 2738 t.11,
563 2715 597 2744 p.
621 2704 705 2744 391).

357 2747 385 2775 ‘.’.
409 2745 460 2776 On
479 2756 520 2775 ne
541 2750 663 2776 trouve.
683 2756 720 2774 ce
745 2745 808 2774 fait
828 2755 893 2785 que
909 2744 995 2773 dans
1016 2744 1177 2774 Ademar.

356 2790 384 2817 3.
409 2789 460 2818 (js.
477 2788 626 2817 Annales
648 2786 990 2828 Quedlinburgcnses,
1012 2797 1043 2816 a.
1062 2786 1140 2815 1032
1156 2787 1387 2825 (Monumenta
1404 2784 1607 2816 Germaniae
1621 2783 1807 2825 Scriptores

314 2834 336 2858 t.
362 2830 437 2859 111s÷
