1908 3256
672 334 788 358 mni-:n
819 334 994 359 TERTIUS
1494 330 1568 364 180

141 422 210 465 63.
238 421 399 462 -Per
421 420 528 461 haec
550 429 750 477 tempora
777 422 960 472 Aiw’eus,
994 424 1223 465 sanctitate
1247 425 1451 483 insignis,
1477 428 1567 467 the-

83 492 305 534 saurarius
329 491 481 534 Sancti
502 491 683 533 Martini
706 493 912 539 Turonis,
941 494 1051 534 obiit
1080 494 1122 535 in
1147 496 1341 541 Christo,
1373 498 1570 553 sepultus

81 563 128 605 in
155 564 267 606 atrio
287 564 495 605 basilicae
519 563 688 604 mediae
717 564 769 605 ad
793 564 928 621 pedes
952 565 1166 606 crucifixi.
1200 568 1277 607 llic
1301 569 1489 609 Turonis
1506 574 1516 589 ⁵
1546 586 1565 610 a

84 651 196 677 novo
223 635 472 677 construxit
511 635 752 676 oratorium
788 636 831 676 in
864 637 1032 677 honore
1075 639 1314 697 genetricis
1349 640 1446 688 Dei,
1494 641 1567 681 uhi

84 707 486 749 sanctimonialium
501 707 894 767 congregationem
912 709 991 749 sub
1006 709 1183 768 regulae
1201 710 1455 769 magisterio
1478 712 1570 753 Deo

83 777 254 820 servire
277 777 525 820 constituit.

142 862 212 907 64.
245 887 304 894 —
336 863 460 903 Tunc
493 861 709 918 temporis
737 877 884 903 comes
923 861 1254 921 Andegavensis
1286 864 1435 915 Folco,
1472 882 1567 906 eum

85 933 315 975 manifeste
339 949 549 990 superare
578 933 785 990 nequiret
812 933 1068 983 Arbertum,
1104 935 1399 976 Cenomannis
1439 936 1571 976 eomi-

82 1014 170 1047 tem
187 1011 210 1056 ²,
237 1004 339 1046 dolo
367 1004 498 1046 acciit
532 1020 630 1045 eum
653 1003 910 1060 capitolium
936 1005 1182 1046 Sanetonae
1206 1006 1343 1055 urbis,
1379 1007 1502 1062 quasi
1528 1007 1569 1046 in

83 1075 301 1118 beneficio
318 1077 473 1118 urbem
499 1076 640 1133 ipsam
673 1076 712 1117 ei
741 1075 1020 1117 concederet.
1050 1077 1103 1117 Et
1132 1077 1354 1117 incautum
1383 1086 1423 1118 et
1460 1077 1572 1118 nihil

84 1148 186 1190 mali
203 1148 520 1205 suspicantem,
540 1148 760 1189 inclusum
775 1147 1001 1204 capitolio,
1028 1148 1214 1189 nefanda
1232 1164 1328 1189 eum
1349 1149 1465 1205 cepit
1489 1158 1570 1190 tra-

82 1219 268 1271 ditione,
317 1220 486 1278 primae
527 1219 797 1261 ebdomadae
839 1219 1200 1277 quadragesimae
1241 1220 1434 1261 seeundo
1483 1220 1569 1261 dio.

83 1292 203 1333 Uxor
223 1308 328 1333 vero
363 1293 457 1349 ejus
485 1308 668 1333 uxorem
704 1291 883 1333 Arberti
913 1291 1013 1332 dolo
1038 1291 1267 1348 temptavit
1290 1308 1446 1348 capere
1480 1292 1574 1348 ipso

84 1362 171 1413 die,
198 1373 432 1421 antequam
455 1363 597 1405 virum
627 1372 803 1420 captum
834 1363 1053 1413 audiretss,
1092 1363 1167 1403 sed
1193 1363 1244 1404 ad
1275 1380 1367 1403 eam
1397 1363 1573 1419 quidam

83 1434 341 1492 anticipavit
363 1435 554 1492 prodere
578 1435 808 1477 cautelam.
834 1435 936 1476 Ideo
959 1436 1092 1476 Folco
1115 1451 1294 1475 uxorem
1334 1435 1511 1475 Arlwrti
1535 1444 1577 1475 et

84 1505 313 1563 principes
336 1507 514 1557 timens,
541 1523 629 1548 non
654 1516 720 1548 est
743 1523 873 1548 ausus
897 1523 996 1547 eum
1032 1506 1301 1556 interficere,
1340 1506 1415 1546 sed
1457 1506 1577 1547 bien-

85 1577 158 1618 nio
187 1588 460 1620 carceratum
485 1578 832 1638 diligentissime
856 1577 1110 1627 custodivit,
1138 1587 1174 1618 ct
1215 1594 1234 1618 a
1260 1577 1460 1617 manibus
1484 1578 1576 1633 ejus

84 1649 301 1691 Dominus
324 1650 609 1691 innocentem
640 1650 820 1707 eripuit.
846 1651 971 1702 Quov
1001 1658 1201 1705 tempore
1230 1648 1576 1708 gloriosissimus

84 1720 302 1763 Ricardus
337 1721 680 1781 Rotomagcnsis
716 1738 863 1763 comes
898 1721 1025 1769 obiit,
1059 1721 1257 1777 sepultus
1281 1720 1394 1776 apud
1426 1721 1577 1760 Fesea-

83 1808 188 1834 num
211 1793 475 1834 coenobium
511 1793 553 1834 in
589 1793 771 1834 basilica
798 1802 974 1834 sanctae
1009 1791 1255 1833 Trinitatis.
1288 1792 1342 1831 Et
1381 1791 1578 1831 succedit

83 1880 164 1921 pro
187 1881 238 1906 eo
260 1864 478 1907 Ricardus
510 1864 626 1906 filius
650 1866 761 1922 ejus,
785 1874 828 1906 et
855 1865 949 1922 ipse
973 1880 1060 1905 non
1090 1863 1222 1922 longo
1246 1871 1345 1919 post
1372 1871 1572 1918 tempore

81 1952 252 1978 veneno
274 1936 495 1978 extinctus
527 1945 609 1989 est,
648 1936 935 1994 succeditque
965 1952 1044 1993 pro
1079 1951 1129 1976 eo
1152 1935 1410 1984 RotbertuS,
1436 1933 1569 1975 frater

83 2009 193 2066 ejus.

141 2093 212 2135 (55.
236 2118 295 2123 —
333 2092 397 2133 Eo
429 2100 631 2148 tempore
666 2091 935 2142 XVillelmus,
958 2088 1281 2149 Egolismensis
1303 2104 1465 2138 comes,
1496 2103 1574 2145 per

80 2163 330 2221 Bajoariam
358 2163 443 2205 iter
465 2163 557 2221 egit
584 2163 638 2204 ad
673 2163 959 2220 sepulchrum
993 2161 1188 2203 Domini.
1227 2160 1433 2201 Comitati
1469 2168 1570 2201 sunt

80 2251 178 2276 eum
202 2235 299 2276 Odo
322 2235 563 2285 Bituricus,
586 2234 796 2291 princeps
818 2233 1043 2283 Dolensis‚
1071 2232 1454 2282 Ri‹r;11·tlus‚ahl›as
1470 2232 1574 2273 Ver-

78 2306 307 2358 dunensis,
333 2306 567 2357 Ricardus,
593 2307 728 2347 abbas
752 2305 904 2347 Sancti
927 2304 1137 2362 Eparchii
1166 2302 1503 2362 Egolismensis,
1530 2310 1573 2342 et

78 2378 289 2436 princeps
324 2379 419 2435 ejus
460 2387 503 2419 et
542 2377 823 2419 consiliarius
864 2378 958 2434 ejus
993 2375 1200 2418 Giraldus
1234 2374 1494 2423 Fanesinus,
1528 2382 1572 2414 et

78 2448 358 2491 Amalsredus
380 2458 534 2507 postea
562 2449 714 2499 abbas,
740 2457 783 2490 et
820 2464 975 2508 magna
1011 2456 1183 2489 caterva
1206 2445 1437 2487 nobilium.
1473 2446 1569 2486 Ste-

79 2521 276 2578 phanus,
313 2537 390 2563 rex
425 2521 637 2581 Ungriae‚
671 2536 770 2561 cum
805 2519 925 2561 omni
959 2520 1127 2560 honore
1159 2533 1256 2558 eum
1293 2515 1489 2572 suscepit
1524 2523 1567 2555 et

81 2592 340 2634 muneribus
375 2592 546 2634 ditavit.
582 2591 740 2648 Coepit
773 2590 857 2632 iter
898 2606 1029 2650 agere
1064 2588 1227 2630 mensis
1261 2586 1458 2628 octubris
1482 2585 1568 2642 pri-

123 2740 154 2778 s)
175 2740 325 2770 Turonis
335 2765 424 2772 .....
454 2739 512 2770 ubi
547 2739 640 2768 deest
661 2738 698 2769 C.
719 2756 757 2761 —-
778 2738 804 2774 t)
825 2737 936 2768 filium
958 2735 1090 2777 Ugonis
1114 2735 1194 2765 add.
1220 2735 1255 2765 C.
1280 2752 1317 2758 -
1339 2735 1371 2773 u)
1388 2737 1573 2780 antequam

80 2781 260 2813 audiretur
280 2782 371 2812 inter
391 2782 488 2822 ipsos
509 2780 654 2811 traditio
669 2779 807 2811 Arherti
828 2780 865 2810 C.
890 2797 929 2801 ——
950 2780 983 2819 v)
1005 2780 1078 2813 Quo
1115 2781 1284 2817 tempore.
1298 2799 1305 2807 .
1319 2802 1325 2808 .
1341 2800 1347 2806 .
1377 2785 1574 2815 principum

80 2827 261 2864 presentes
284 2823 473 2854 adfuerunt
492 2823 586 2852 deest
607 2822 643 2859 C,
660 2821 801 2862 jusqu'ii
822 2821 854 2851 la
868 2821 913 2850 fin
930 2820 970 2850 de
991 2822 1042 2850 65.

1675 435 1742 462 ¹02:

1673 879 1742 905 1029

1621 1232 1699 1263 1020,
1716 1240 1800 1259 mars

1672 1951 1682 1977 1
1688 1950 1740 1976 028

1670 2099 1739 2126 102ss

1607 2598 1686 2632 1025,
1701 2598 1715 2624 1
1731 2598 1794 2625 oct.
