1908 3256
91 1359 160 1386 1014
181 1360 197 1386 ’ἶ

74 1652 103 1672 ν.
122 1645 189 1674 1014
203 1645 217 1672 ἵ)

115 1789 183 1817 1022

296 307 371 343 184
817 319 1002 344 ,mmmm
1042 319 1282 346 ennomcomv

293 407 535 450 Bituricam
564 407 714 450 sedem
744 408 869 461 adiit,
915 410 991 451 ubi
1025 409 1391 468 archiepiscopus
1425 427 1524 453 cum
1565 412 1685 455 clero
1725 415 1789 456 eis

292 480 511 537 processit
532 480 723 532 obviam,
749 489 792 522 et
813 497 912 523 cum
946 481 1116 523 honore
1139 498 1213 524 eos
1248 481 1490 535 deducens,
1528 484 1648 542 quod
1678 485 1791 546 liga-

290 561 413 593 verat
434 551 639 594 absolvit.

348 624 417 668 58.
445 649 502 655 —
542 624 745 667 Intereav
786 634 918 682 caput
955 625 1097 667 sancti
1136 625 1365 677 Johannis‚
1409 635 1645 684 postquam
1685 628 1792 671 satis

290 705 517 739 ostensum
552 706 617 738 est
639 697 834 755 populis,
860 706 1133 739 reservatum
1169 707 1235 739 est
1257 699 1384 754 jussu
1405 698 1623 742 Willelmi
1645 699 1787 752 ducis,

291 778 333 811 et
366 770 648 812 recunditum
677 770 721 811 in
754 770 972 827 piramide
1001 769 1206 827 pristina,
1240 770 1316 811 ubi
1348 770 1536 812 interius
1576 771 1794 814 timiama-

289 842 435 884 therio
455 851 667 902 argenteo
691 842 810 900 quod
838 842 1005 900 pendet
1039 841 1256 883 catenulis
1297 842 1517 883 inclusum
1552 842 1788 885 retinetur.

290 914 368 956 His
390 914 670 972 temporibus
693 924 888 957 cometes
919 914 1040 956 velut
1070 914 1188 955 ensis
1212 913 1342 956 latior
1365 924 1407 956 et
1429 914 1606 975 longior
1637 924 1791 958 contra

290 988 643 1045 septentrionem
678 988 885 1046 apparuit
926 987 1130 1045 pluribus
1164 988 1342 1030 aestivis
1383 989 1606 1040 noctibus,
1640 998 1683 1031 ct
1712 1005 1792 1047 per

290 1059 479 1102 Galliam
502 1069 545 1102 et
568 1060 738 1102 Italiam
762 1076 783 1102 e
806 1060 996 1121 vestigio
1016 1060 1235 1111 civitates,
1261 1061 1443 1102 castella
1465 1069 1507 1102 et
1524 1061 1794 1103 monasteria

290 1132 392 1191 igne
416 1141 610 1173 cremata
633 1141 735 1173 sunt
758 1132 910 1189 plura;
945 1132 1063 1174 inter
1086 1149 1197 1191 quae
1228 1132 1461 1174 Carrosum
1489 1149 1592 1174 casu
1620 1131 1794 1175 flamma

291 1204 571 1244 combustum
603 1212 669 1244 est
703 1219 802 1245 cum
837 1203 1020 1245 basilica
1063 1204 1320 1246 Salvatoris.
1347 1203 1594 1245 Ecclesiam
1617 1220 1793 1261 quoque

294 1277 481 1317 Sanctae
499 1275 654 1317 Crucis
678 1275 796 1318 sedis
813 1276 1066 1326 Aurelianis
1089 1286 1132 1318 et
1148 1276 1467 1317 monasterium
1488 1276 1639 1318 Sancti
1655 1277 1794 1318 Bene-

292 1345 400 1387 dicti
428 1346 679 1388 Floriacum
704 1355 745 1388 et
773 1346 857 1388 alia
880 1347 1016 1388 multa
1032 1347 1207 1389 flamma
1229 1347 1469 1389 devoravit.
1494 1348 1595 1388 Dux
1616 1363 1793 1405 quoque

290 1417 571 1468 VVillelmuffi
592 1434 769 1475 semper
787 1418 988 1478 cogitans
1011 1418 1094 1460 Dei
1109 1418 1398 1470 voluntatem,
1424 1418 1676 1479 regularem
1707 1418 1793 1460 dis-

292 1490 502 1547 ciplinam
531 1491 796 1532 restauravit
818 1491 862 1532 in
891 1500 1044 1533 sancto
1073 1490 1274 1542 Carrofo,
1301 1491 1443 1547 ejecto
1476 1492 1612 1532 Petro
1634 1491 1793 1532 abbate

292 1562 604 1619 potentissimo
634 1568 665 1614 ¹,
703 1563 779 1621 qui
814 1579 893 1620 per
928 1563 1215 1605 simoniacam
1245 1563 1440 1604 heresim
1469 1562 1790 1620 praelationem

291 1634 546 1691 optinuerat
567 1643 610 1676 et
631 1635 915 1677 secularitery
937 1635 1082 1677 locum
1104 1635 1460 1686 administrabat,
1486 1644 1528 1684 et
1551 1635 1792 1694 subrogato

293 1706 527 1748 Gunbaldo
550 1707 746 1767 regulari
769 1716 811 1749 et
832 1707 915 1749 Dei
944 1723 1087 1759 servo,
1113 1708 1271 1749 abbate
1297 1707 1449 1749 Sancti
1472 1706 1684 1749 Savini²1.

350 1779 567 1823 59.-Εο
582 1788 782 1836 tempore
799 1779 952 1821 decem
969 1796 1022 1822 ex
1043 1779 1269 1821 canonicis
1289 1781 1475 1822 Sanctae
1488 1778 1644 1820 Crucis
1654 1777 1790 1820 Aure—

292 1849 437 1900 lianis,
463 1850 538 1908 qui
565 1850 830 1892 videbantur
853 1867 948 1892 esse
986 1851 1293 1912 religiosiores
1328 1851 1442 1902 aliis,
1480 1850 1657 1907 probati
1686 1859 1790 1892 sunt

292 1937 387 1963 esse
412 1922 632 1964 manichei
648 1926 677 1963 ².
711 1925 830 1977 Quos
853 1940 931 1965 rex
945 1925 1206 1973 Rotbertus,
1238 1939 1337 1965 cum
1359 1922 1560 1964 nollenta
1583 1922 1636 1963 ad
1653 1921 1786 1963 fidem

697 1995 833 2037 crradu
857 1995 1096 2037 sacerdotii
1115 1995 1296 2052 deponi,
1317 1994 1478 2036 deinde
1496 1995 1549 2035 ab
1571 1993 1787 2035 aeeclesia

695 2030 720 2055 t>

288 2065 525 2116 eliminari,
558 2075 600 2107 et
628 2066 804 2108 demum
828 2067 929 2127 igne
953 2066 1142 2108 cremari
1166 2066 1316 2124 jussit.
1353 2067 1461 2107 Nam
1493 2065 1580 2123 ipsi
1609 2064 1788 2122 decepti

290 1994 468 2045 reverti,
488 1994 633 2051 primo
656 2011 677 2036 a

286 2154 308 2178 a
324 2138 513 2195 quodam
538 2138 704 2180 rustico
721 2137 735 2160 ¹³
760 2173 768 2190 ,
796 2139 871 2197 qui
896 2156 940 2181 se
964 2139 1141 2181 dicebat
1163 2139 1306 2180 facere
1328 2138 1531 2189 virtutes,
1558 2146 1601 2179 et
1639 2137 1787 2194 pulve-

285 2226 378 2251 rem
402 2227 454 2252 ex
476 2210 661 2252 mortuis
684 2211 834 2268 pueris
859 2228 1007 2253 secum
1031 2211 1217 2262 ferebat,
1243 2211 1296 2252 cle
1320 2227 1407 2268 quo
1430 2210 1466 2251 si
1482 2226 1613 2267 quem
1636 2217 1788 2266 posset

286 2282 630 2334 communicare,
663 2299 763 2324 mox
795 2283 1074 2325 manicheum
1109 2283 1312 2324 faciebat.
1339 2282 1597 2324 Adorabant
1635 2280 1785 2322 diabo-

326 2420 359 2454 v‘)
394 2421 584 2452 Interea...
623 2421 804 2451 devoravit
842 2420 946 2451 deest.
973 2421 1006 2450 Υ,
1041 2421 1119 2461 plus
1151 2420 1184 2450 h.
1215 2432 1249 2460 p.
1279 2421 1334 2451 182
1363 2431 1399 2450 n.
1428 2419 1468 2459 j).
1496 2437 1537 2442 -—
1567 2419 1600 2459 x)
1633 2417 1781 2449 seculari

285 2467 365 2498 add.
387 2468 427 2498 C.
453 2486 491 2489 ——
514 2471 547 2508 y)
569 2472 600 2498 ct
621 2467 772 2508 insipidn¹
788 2468 870 2499 add.
889 2468 925 2499 C,
952 2487 989 2490 —
1013 2468 1041 2504 ι’)
1062 2472 1154 2498 recta
1178 2468 1267 2501 feeit,
1288 2479 1354 2508 quc
1387 2467 1576 2508 placebant
1608 2465 1644 2496 in
1671 2465 1782 2496 oculis

283 2515 430 2546 Domini
455 2515 598 2545 Erectus
628 2527 708 2546 vero
734 2516 865 2549 Petrus,
889 2516 932 2545 ad
953 2516 1118 2545 Sanctum
1140 2516 1309 2553 Angelum
1325 2515 1544 2545 Lemovicino
1566 2512 1782 2543 monasterio

283 2563 409 2593 mansit
435 2575 623 2604 percussus
647 2564 793 2603 paralisi
814 2563 1021 2601 longissima
1042 2574 1152 2604 usque
1176 2564 1219 2593 ad
1244 2568 1391 2593 mortem
1407 2563 1488 2594 add.
1505 2562 1541 2593 C.
1567 2580 1606 2584 --
1624 2563 1656 2601 a)
1669 2560 1779 2591 alica-

282 2615 380 2641 tenus
397 2611 478 2642 adal.
495 2611 575 2641 (1,-
594 2611 629 2652 b)
647 2611 923 2651 petragoricensi
946 2612 1028 2642 adel.
1045 2612 1086 2643 C.

324 2787 353 2818 1.
374 2787 435 2817 Ces
453 2787 541 2817 deux
561 2787 670 2817 abbe-s
689 2787 729 2817 de
750 2787 930 2819 Charroux
951 2792 1029 2818 sont
1046 2788 1161 2818 Pierre
1186 2789 1197 2818 1
1219 2792 1253 2819 et
1275 2787 1457 2820 Gombaud
1479 2787 1523 2818 ΙΙ.

324 2829 353 2860 2.
376 2829 425 2859 (Is.
449 2828 557 2859 Raoul
580 2829 718 2865 Glaber,
746 2830 805 2865 Ill,
832 2831 861 2861 S.
