<?xml version="1.0" encoding="UTF-8"?>
<!DOCTYPE html PUBLIC "-//W3C//DTD XHTML 1.0 Transitional//EN"
    "http://www.w3.org/TR/xhtml1/DTD/xhtml1-transitional.dtd">
<html xmlns="http://www.w3.org/1999/xhtml" xml:lang="en" lang="en">
 <head>
  <title>
</title>
<meta http-equiv="Content-Type" content="text/html;charset=utf-8" />
  <meta name='ocr-system' content='tesseract 3.04.00' />
  <meta name='ocr-capabilities' content='ocr_page ocr_carea ocr_par ocr_line ocrx_word'/>
</head>
<body>
  <div class='ocr_page' id='page_1' title='image "./chronique00aduoft_0185.png"; bbox 0 0 1908 3256; ppageno 0'>
   <div class='ocr_carea' id='block_1_1' title="bbox 684 334 1583 368">
    <p class='ocr_par' dir='ltr' id='par_1_1' title="bbox 684 334 1583 368">
     <span class='ocr_line' id='line_1_1' title="bbox 684 334 1583 368; baseline 0.004 -5"><span class='ocrx_word' id='word_1_1' title='bbox 684 340 798 364; x_wconf 67' lang='lat' dir='ltr'>mnan</span> <span class='ocrx_word' id='word_1_2' title='bbox 831 340 1004 364; x_wconf 67' lang='lat' dir='ltr'>‘rnn‘slrs</span> <span class='ocrx_word' id='word_1_3' title='bbox 1514 334 1583 368; x_wconf 69' lang='lat'>1:23</span> 
     </span>
    </p>
   </div>
   <div class='ocr_carea' id='block_1_2' title="bbox 84 428 1584 2050">
    <p class='ocr_par' dir='ltr' id='par_1_2' title="bbox 84 428 1584 2050">
     <span class='ocr_line' id='line_1_2' title="bbox 93 428 1580 480; baseline 0.002 -15"><span class='ocrx_word' id='word_1_4' title='bbox 93 436 335 472; x_wconf 84' lang='lat' dir='ltr'><strong>accesserat,</strong></span> <span class='ocrx_word' id='word_1_5' title='bbox 356 436 394 465; x_wconf 89' lang='lat' dir='ltr'>et</span> <span class='ocrx_word' id='word_1_6' title='bbox 413 428 560 465; x_wconf 85' lang='lat' dir='ltr'>multos</span> <span class='ocrx_word' id='word_1_7' title='bbox 583 441 629 465; x_wconf 81' lang='lat' dir='ltr'>ex</span> <span class='ocrx_word' id='word_1_8' title='bbox 654 429 711 466; x_wconf 87' lang='lat' dir='ltr'>eis</span> <span class='ocrx_word' id='word_1_9' title='bbox 734 429 1007 479; x_wconf 72' lang='lat' dir='ltr'>baptizaverat</span> <span class='ocrx_word' id='word_1_10' title='bbox 1027 430 1483 480; x_wconf 58' lang='lat' dir='ltr'>credentes‚r‘=g1·c.&lt;sus</span> <span class='ocrx_word' id='word_1_11' title='bbox 1507 441 1580 469; x_wconf 69' lang='lat' dir='ltr'>cst.</span> 
     </span>
     <span class='ocr_line' id='line_1_3' title="bbox 93 493 1583 547; baseline 0.003 -17"><span class='ocrx_word' id='word_1_12' title='bbox 93 493 181 531; x_wconf 91' lang='lat' dir='ltr'>Hoc</span> <span class='ocrx_word' id='word_1_13' title='bbox 212 506 332 538; x_wconf 88' lang='lat' dir='ltr'>anno,</span> <span class='ocrx_word' id='word_1_14' title='bbox 357 493 396 530; x_wconf 92' lang='lat' dir='ltr'>id</span> <span class='ocrx_word' id='word_1_15' title='bbox 419 503 478 531; x_wconf 89' lang='lat' dir='ltr'>est</span> <span class='ocrx_word' id='word_1_16' title='bbox 519 505 733 530; x_wconf 81' lang='lat' dir='ltr'>Dcccxxui</span> <span class='ocrx_word' id='word_1_17' title='bbox 773 496 820 531; x_wconf 86' lang='lat' dir='ltr'>ab</span> <span class='ocrx_word' id='word_1_18' title='bbox 857 495 1135 532; x_wconf 72' lang='lat' dir='ltr'>incarnatione</span> <span class='ocrx_word' id='word_1_19' title='bbox 1173 496 1351 537; x_wconf 77' lang='lat' dir='ltr'>Domini,</span> <span class='ocrx_word' id='word_1_20' title='bbox 1395 498 1583 547; x_wconf 70' lang='lat' dir='ltr'>prodigia</span> 
     </span>
     <span class='ocr_line' id='line_1_4' title="bbox 92 558 1583 610; baseline 0.001 -14"><span class='ocrx_word' id='word_1_21' title='bbox 92 567 392 610; x_wconf 86' lang='lat' dir='ltr'>apparuerunt:</span> <span class='ocrx_word' id='word_1_22' title='bbox 416 559 455 596; x_wconf 92' lang='lat' dir='ltr'>in</span> <span class='ocrx_word' id='word_1_23' title='bbox 477 558 608 609; x_wconf 85' lang='lat' dir='ltr'>Aquis</span> <span class='ocrx_word' id='word_1_24' title='bbox 625 567 732 596; x_wconf 89' lang='lat' dir='ltr'>terre</span> <span class='ocrx_word' id='word_1_25' title='bbox 754 567 884 596; x_wconf 87' lang='lat' dir='ltr'>motus</span> <span class='ocrx_word' id='word_1_26' title='bbox 903 573 1088 610; x_wconf 78' lang='lat' dir='ltr'>magnuS,</span> <span class='ocrx_word' id='word_1_27' title='bbox 1108 560 1146 596; x_wconf 89' lang='lat' dir='ltr'>in</span> <span class='ocrx_word' id='word_1_28' title='bbox 1164 561 1258 597; x_wconf 75' lang='lat' dir='ltr'>villa</span> <span class='ocrx_word' id='word_1_29' title='bbox 1281 562 1583 599; x_wconf 64' lang='lat' dir='ltr'>(jommcrciaco</span> 
     </span>
     <span class='ocr_line' id='line_1_5' title="bbox 91 623 1583 676; baseline 0.002 -16"><span class='ocrx_word' id='word_1_30' title='bbox 91 623 226 674; x_wconf 91' lang='lat' dir='ltr'>puella</span> <span class='ocrx_word' id='word_1_31' title='bbox 246 637 443 661; x_wconf 92' lang='lat' dir='ltr'>annorum</span> <span class='ocrx_word' id='word_1_32' title='bbox 465 630 583 661; x_wconf 53' lang='lat'>:13:11¹</span> <span class='ocrx_word' id='word_1_33' title='bbox 605 624 775 661; x_wconf 86' lang='lat' dir='ltr'>abomni</span> <span class='ocrx_word' id='word_1_34' title='bbox 798 625 888 661; x_wconf 91' lang='lat' dir='ltr'>cibo</span> <span class='ocrx_word' id='word_1_35' title='bbox 912 633 950 662; x_wconf 85' lang='lat' dir='ltr'>et</span> <span class='ocrx_word' id='word_1_36' title='bbox 972 634 1068 675; x_wconf 92' lang='lat' dir='ltr'>potu</span> <span class='ocrx_word' id='word_1_37' title='bbox 1089 639 1163 676; x_wconf 88' lang='lat' dir='ltr'>per</span> <span class='ocrx_word' id='word_1_38' title='bbox 1179 639 1299 662; x_wconf 86' lang='lat' dir='ltr'>unum</span> <span class='ocrx_word' id='word_1_39' title='bbox 1323 640 1467 663; x_wconf 85' lang='lat' dir='ltr'>annum</span> <span class='ocrx_word' id='word_1_40' title='bbox 1489 628 1583 663; x_wconf 85' lang='lat' dir='ltr'>abs-</span> 
     </span>
     <span class='ocr_line' id='line_1_6' title="bbox 91 689 1582 742; baseline 0.001 -16"><span class='ocrx_word' id='word_1_41' title='bbox 91 689 225 735; x_wconf 85' lang='lat' dir='ltr'>tinuit,</span> <span class='ocrx_word' id='word_1_42' title='bbox 250 698 288 727; x_wconf 88' lang='lat' dir='ltr'>et</span> <span class='ocrx_word' id='word_1_43' title='bbox 311 703 407 727; x_wconf 86' lang='lat' dir='ltr'>sana</span> <span class='ocrx_word' id='word_1_44' title='bbox 427 690 625 741; x_wconf 79' lang='lat' dir='ltr'>pergebat</span> <span class='ocrx_word' id='word_1_45' title='bbox 639 690 743 727; x_wconf 83' lang='lat' dir='ltr'>sicut</span> <span class='ocrx_word' id='word_1_46' title='bbox 764 690 840 727; x_wconf 87' lang='lat' dir='ltr'>alia</span> <span class='ocrx_word' id='word_1_47' title='bbox 862 690 1019 727; x_wconf 90' lang='lat' dir='ltr'>mulier.</span> <span class='ocrx_word' id='word_1_48' title='bbox 1045 690 1087 726; x_wconf 91' lang='lat' dir='ltr'>ln</span> <span class='ocrx_word' id='word_1_49' title='bbox 1102 690 1391 742; x_wconf 80' lang='lat' dir='ltr'>Saxoniapago</span> <span class='ocrx_word' id='word_1_50' title='bbox 1413 691 1582 737; x_wconf 82' lang='lat' dir='ltr'>Friszai,</span> 
     </span>
     <span class='ocr_line' id='line_1_7' title="bbox 89 755 1581 806; baseline 0.002 -14"><span class='ocrx_word' id='word_1_51' title='bbox 89 755 236 806; x_wconf 78' lang='lat' dir='ltr'>viginti</span> <span class='ocrx_word' id='word_1_52' title='bbox 257 763 341 793; x_wconf 91' lang='lat' dir='ltr'>tres</span> <span class='ocrx_word' id='word_1_53' title='bbox 361 755 456 792; x_wconf 76' lang='lat' dir='ltr'>ville</span> <span class='ocrx_word' id='word_1_54' title='bbox 478 755 572 806; x_wconf 87' lang='lat' dir='ltr'>igne</span> <span class='ocrx_word' id='word_1_55' title='bbox 596 755 736 792; x_wconf 84' lang='lat' dir='ltr'>celesti</span> <span class='ocrx_word' id='word_1_56' title='bbox 759 764 1013 793; x_wconf 84' lang='lat' dir='ltr'>concremate</span> <span class='ocrx_word' id='word_1_57' title='bbox 1036 764 1143 801; x_wconf 86' lang='lat' dir='ltr'>sunt,</span> <span class='ocrx_word' id='word_1_58' title='bbox 1168 770 1256 793; x_wconf 82' lang='lat' dir='ltr'>cum</span> <span class='ocrx_word' id='word_1_59' title='bbox 1286 756 1519 794; x_wconf 82' lang='lat' dir='ltr'>hominibus</span> <span class='ocrx_word' id='word_1_60' title='bbox 1543 766 1581 795; x_wconf 89' lang='lat' dir='ltr'>et</span> 
     </span>
     <span class='ocr_line' id='line_1_8' title="bbox 85 818 1580 872; baseline 0.001 -15"><span class='ocrx_word' id='word_1_61' title='bbox 85 818 347 871; x_wconf 87' lang='lat' dir='ltr'>jumentis,et</span> <span class='ocrx_word' id='word_1_62' title='bbox 369 820 529 872; x_wconf 84' lang='lat' dir='ltr'>fulgura</span> <span class='ocrx_word' id='word_1_63' title='bbox 544 833 698 871; x_wconf 14' lang='lat' dir='ltr'>*sereno</span> <span class='ocrx_word' id='word_1_64' title='bbox 722 820 837 857; x_wconf 89' lang='lat' dir='ltr'>coelo</span> <span class='ocrx_word' id='word_1_65' title='bbox 850 834 925 872; x_wconf 91' lang='lat' dir='ltr'>per</span> <span class='ocrx_word' id='word_1_66' title='bbox 940 821 1044 858; x_wconf 89' lang='lat' dir='ltr'>diem</span> <span class='ocrx_word' id='word_1_67' title='bbox 1061 821 1294 858; x_wconf 84' lang='lat' dir='ltr'>ceciderunt</span> <span class='ocrx_word' id='word_1_68' title='bbox 1309 835 1382 872; x_wconf 85' lang='lat' dir='ltr'>per</span> <span class='ocrx_word' id='word_1_69' title='bbox 1398 833 1456 858; x_wconf 78' lang='lat' dir='ltr'>xil</span> <span class='ocrx_word' id='word_1_70' title='bbox 1479 822 1580 859; x_wconf 82' lang='lat' dir='ltr'>dies.</span> 
     </span>
     <span class='ocr_line' id='line_1_9' title="bbox 92 884 1583 938; baseline 0.001 -16"><span class='ocrx_word' id='word_1_71' title='bbox 92 884 137 922; x_wconf 90' lang='lat' dir='ltr'>In</span> <span class='ocrx_word' id='word_1_72' title='bbox 157 898 264 937; x_wconf 88' lang='lat' dir='ltr'>pago</span> <span class='ocrx_word' id='word_1_73' title='bbox 287 884 438 930; x_wconf 89' lang='lat' dir='ltr'>Italiae,</span> <span class='ocrx_word' id='word_1_74' title='bbox 462 886 552 923; x_wconf 79' lang='lat' dir='ltr'>vico</span> <span class='ocrx_word' id='word_1_75' title='bbox 576 884 837 929; x_wconf 87' lang='lat' dir='ltr'>Grabadona,</span> <span class='ocrx_word' id='word_1_76' title='bbox 859 885 898 922; x_wconf 90' lang='lat' dir='ltr'>in</span> <span class='ocrx_word' id='word_1_77' title='bbox 916 886 1089 923; x_wconf 87' lang='lat' dir='ltr'>ecclesia</span> <span class='ocrx_word' id='word_1_78' title='bbox 1112 886 1247 923; x_wconf 67' lang='lat' dir='ltr'>sancti</span> <span class='ocrx_word' id='word_1_79' title='bbox 1266 885 1460 923; x_wconf 78' lang='lat' dir='ltr'>Johannis</span> <span class='ocrx_word' id='word_1_80' title='bbox 1481 886 1583 938; x_wconf 86' lang='lat' dir='ltr'>Bap-</span> 
     </span>
     <span class='ocr_line' id='line_1_10' title="bbox 89 951 1583 1002; baseline 0.001 -14"><span class='ocrx_word' id='word_1_81' title='bbox 89 951 199 996; x_wconf 89' lang='lat' dir='ltr'>tiste,</span> <span class='ocrx_word' id='word_1_82' title='bbox 225 959 311 989; x_wconf 90' lang='lat' dir='ltr'>erat</span> <span class='ocrx_word' id='word_1_83' title='bbox 330 951 464 1002; x_wconf 84' lang='lat' dir='ltr'>imago</span> <span class='ocrx_word' id='word_1_84' title='bbox 481 951 558 988; x_wconf 89' lang='lat' dir='ltr'>Dei</span> <span class='ocrx_word' id='word_1_85' title='bbox 581 951 793 1002; x_wconf 82' lang='lat' dir='ltr'>genitricis</span> <span class='ocrx_word' id='word_1_86' title='bbox 816 951 976 1002; x_wconf 91' lang='lat' dir='ltr'>depicta</span> <span class='ocrx_word' id='word_1_87' title='bbox 997 951 1037 988; x_wconf 92' lang='lat' dir='ltr'>in</span> <span class='ocrx_word' id='word_1_88' title='bbox 1059 951 1214 995; x_wconf 82' lang='lat' dir='ltr'>absida,</span> <span class='ocrx_word' id='word_1_89' title='bbox 1248 965 1417 1002; x_wconf 85' lang='lat' dir='ltr'>puerum</span> <span class='ocrx_word' id='word_1_90' title='bbox 1445 951 1583 989; x_wconf 86' lang='lat' dir='ltr'>Jesum</span> 
     </span>
     <span class='ocr_line' id='line_1_11' title="bbox 91 1016 1583 1068; baseline 0 -14"><span class='ocrx_word' id='word_1_91' title='bbox 91 1016 305 1054; x_wconf 87' lang='lat' dir='ltr'>continens</span> <span class='ocrx_word' id='word_1_92' title='bbox 329 1017 370 1053; x_wconf 91' lang='lat' dir='ltr'>in</span> <span class='ocrx_word' id='word_1_93' title='bbox 389 1016 561 1068; x_wconf 89' lang='lat' dir='ltr'>gremio,</span> <span class='ocrx_word' id='word_1_94' title='bbox 605 1025 643 1054; x_wconf 88' lang='lat' dir='ltr'>et</span> <span class='ocrx_word' id='word_1_95' title='bbox 665 1017 771 1067; x_wconf 89' lang='lat' dir='ltr'>magi</span> <span class='ocrx_word' id='word_1_96' title='bbox 794 1030 961 1054; x_wconf 88' lang='lat' dir='ltr'>munera</span> <span class='ocrx_word' id='word_1_97' title='bbox 998 1017 1247 1054; x_wconf 88' lang='lat' dir='ltr'>deferebant.</span> <span class='ocrx_word' id='word_1_98' title='bbox 1275 1016 1480 1068; x_wconf 87' lang='lat' dir='ltr'>Erantque</span> <span class='ocrx_word' id='word_1_99' title='bbox 1517 1017 1583 1054; x_wconf 93' lang='lat' dir='ltr'>ille</span> 
     </span>
     <span class='ocr_line' id='line_1_12' title="bbox 91 1081 1584 1133; baseline 0.001 -15"><span class='ocrx_word' id='word_1_100' title='bbox 91 1081 290 1133; x_wconf 83' lang='lat' dir='ltr'>imagines</span> <span class='ocrx_word' id='word_1_101' title='bbox 313 1082 365 1119; x_wconf 93' lang='lat' dir='ltr'>ob</span> <span class='ocrx_word' id='word_1_102' title='bbox 378 1081 544 1118; x_wconf 89' lang='lat' dir='ltr'>nimiam</span> <span class='ocrx_word' id='word_1_103' title='bbox 566 1090 807 1119; x_wconf 81' lang='lat' dir='ltr'>vetustatem</span> <span class='ocrx_word' id='word_1_104' title='bbox 827 1082 976 1119; x_wconf 88' lang='lat' dir='ltr'>abolite</span> <span class='ocrx_word' id='word_1_105' title='bbox 999 1090 1037 1120; x_wconf 90' lang='lat' dir='ltr'>et</span> <span class='ocrx_word' id='word_1_106' title='bbox 1051 1082 1118 1119; x_wconf 73' lang='lat' dir='ltr'>vix</span> <span class='ocrx_word' id='word_1_107' title='bbox 1134 1083 1417 1119; x_wconf 76' lang='lat' dir='ltr'>cernebantur.</span> <span class='ocrx_word' id='word_1_108' title='bbox 1446 1081 1496 1119; x_wconf 82' lang='lat' dir='ltr'>Et</span> <span class='ocrx_word' id='word_1_109' title='bbox 1512 1096 1584 1133; x_wconf 89' lang='lat' dir='ltr'>per</span> 
     </span>
     <span class='ocr_line' id='line_1_13' title="bbox 92 1147 1584 1198; baseline 0.001 -14"><span class='ocrx_word' id='word_1_110' title='bbox 92 1159 122 1184; x_wconf 90' lang='lat'>11</span> <span class='ocrx_word' id='word_1_111' title='bbox 139 1147 228 1184; x_wconf 90' lang='lat' dir='ltr'>dies</span> <span class='ocrx_word' id='word_1_112' title='bbox 247 1147 352 1184; x_wconf 90' lang='lat' dir='ltr'>sicut</span> <span class='ocrx_word' id='word_1_113' title='bbox 385 1147 581 1198; x_wconf 86' lang='lat' dir='ltr'>splendor</span> <span class='ocrx_word' id='word_1_114' title='bbox 604 1147 704 1184; x_wconf 92' lang='lat' dir='ltr'>solis</span> <span class='ocrx_word' id='word_1_115' title='bbox 743 1147 893 1184; x_wconf 84' lang='lat' dir='ltr'>effulsit</span> <span class='ocrx_word' id='word_1_116' title='bbox 914 1147 1004 1198; x_wconf 89' lang='lat' dir='ltr'>ipsa</span> <span class='ocrx_word' id='word_1_117' title='bbox 1041 1148 1173 1198; x_wconf 86' lang='lat' dir='ltr'>imago</span> <span class='ocrx_word' id='word_1_118' title='bbox 1197 1147 1271 1184; x_wconf 87' lang='lat' dir='ltr'>Dei</span> <span class='ocrx_word' id='word_1_119' title='bbox 1311 1147 1523 1198; x_wconf 79' lang='lat' dir='ltr'>genitricis</span> <span class='ocrx_word' id='word_1_120' title='bbox 1547 1156 1584 1185; x_wconf 91' lang='lat' dir='ltr'>et</span> 
     </span>
     <span class='ocr_line' id='line_1_14' title="bbox 88 1211 1580 1264; baseline -0.001 -14"><span class='ocrx_word' id='word_1_121' title='bbox 88 1212 222 1264; x_wconf 89' lang='lat' dir='ltr'>imago</span> <span class='ocrx_word' id='word_1_122' title='bbox 243 1212 410 1250; x_wconf 89' lang='lat' dir='ltr'>Domini</span> <span class='ocrx_word' id='word_1_123' title='bbox 428 1211 525 1250; x_wconf 88' lang='lat' dir='ltr'>Jesu</span> <span class='ocrx_word' id='word_1_124' title='bbox 547 1213 665 1264; x_wconf 89' lang='lat' dir='ltr'>pueri</span> <span class='ocrx_word' id='word_1_125' title='bbox 687 1222 725 1251; x_wconf 90' lang='lat' dir='ltr'>et</span> <span class='ocrx_word' id='word_1_126' title='bbox 747 1226 912 1250; x_wconf 91' lang='lat' dir='ltr'>munera</span> <span class='ocrx_word' id='word_1_127' title='bbox 933 1213 1055 1250; x_wconf 87' lang='lat' dir='ltr'>trium</span> <span class='ocrx_word' id='word_1_128' title='bbox 1078 1226 1302 1264; x_wconf 83' lang='lat' dir='ltr'>magorum,</span> <span class='ocrx_word' id='word_1_129' title='bbox 1325 1213 1396 1249; x_wconf 88' lang='lat' dir='ltr'>sed</span> <span class='ocrx_word' id='word_1_130' title='bbox 1420 1222 1457 1250; x_wconf 88' lang='lat' dir='ltr'>et</span> <span class='ocrx_word' id='word_1_131' title='bbox 1485 1213 1580 1249; x_wconf 88' lang='lat' dir='ltr'>ima—</span> 
     </span>
     <span class='ocr_line' id='line_1_15' title="bbox 89 1278 1578 1330; baseline -0.001 -14"><span class='ocrx_word' id='word_1_132' title='bbox 89 1278 206 1330; x_wconf 89' lang='lat' dir='ltr'>gines</span> <span class='ocrx_word' id='word_1_133' title='bbox 238 1292 449 1330; x_wconf 84' lang='lat' dir='ltr'>magorum</span> <span class='ocrx_word' id='word_1_134' title='bbox 469 1278 707 1316; x_wconf 84' lang='lat' dir='ltr'>reluxerunt</span> <span class='ocrx_word' id='word_1_135' title='bbox 749 1285 851 1330; x_wconf 74' lang='lat' dir='ltr'>pera</span> <span class='ocrx_word' id='word_1_136' title='bbox 893 1279 1038 1316; x_wconf 87' lang='lat' dir='ltr'>multas</span> <span class='ocrx_word' id='word_1_137' title='bbox 1069 1279 1275 1330; x_wconf 88' lang='lat' dir='ltr'>regiones.</span> <span class='ocrx_word' id='word_1_138' title='bbox 1316 1278 1481 1315; x_wconf 86' lang='lat' dir='ltr'>Grando</span> <span class='ocrx_word' id='word_1_139' title='bbox 1513 1278 1578 1315; x_wconf 87' lang='lat' dir='ltr'>de-</span> 
     </span>
     <span class='ocr_line' id='line_1_16' title="bbox 87 1342 1579 1396; baseline -0.001 -15"><span class='ocrx_word' id='word_1_140' title='bbox 87 1344 259 1382; x_wconf 83' lang='lat' dir='ltr'>vastavit</span> <span class='ocrx_word' id='word_1_141' title='bbox 299 1345 437 1396; x_wconf 88' lang='lat' dir='ltr'>sruges</span> <span class='ocrx_word' id='word_1_142' title='bbox 477 1352 514 1381; x_wconf 90' lang='lat' dir='ltr'>et</span> <span class='ocrx_word' id='word_1_143' title='bbox 547 1357 637 1381; x_wconf 85' lang='lat' dir='ltr'>cum</span> <span class='ocrx_word' id='word_1_144' title='bbox 689 1345 888 1396; x_wconf 89' lang='lat' dir='ltr'>grandine</span> <span class='ocrx_word' id='word_1_145' title='bbox 932 1345 1129 1382; x_wconf 85' lang='lat' dir='ltr'>cadebant</span> <span class='ocrx_word' id='word_1_146' title='bbox 1170 1343 1257 1380; x_wconf 73' lang='lat' dir='ltr'>veri</span> <span class='ocrx_word' id='word_1_147' title='bbox 1306 1342 1462 1394; x_wconf 80' lang='lat' dir='ltr'>lapides</span> <span class='ocrx_word' id='word_1_148' title='bbox 1503 1356 1579 1379; x_wconf 89' lang='lat' dir='ltr'>ma-</span> 
     </span>
     <span class='ocr_line' id='line_1_17' title="bbox 91 1409 1581 1461; baseline -0.001 -15"><span class='ocrx_word' id='word_1_149' title='bbox 91 1410 160 1461; x_wconf 88' lang='lat' dir='ltr'>gni</span> <span class='ocrx_word' id='word_1_150' title='bbox 192 1410 360 1447; x_wconf 83' lang='lat' dir='ltr'>terreni.</span> <span class='ocrx_word' id='word_1_151' title='bbox 399 1409 510 1461; x_wconf 89' lang='lat' dir='ltr'>Ignis</span> <span class='ocrx_word' id='word_1_152' title='bbox 544 1410 595 1447; x_wconf 90' lang='lat' dir='ltr'>de</span> <span class='ocrx_word' id='word_1_153' title='bbox 628 1410 742 1447; x_wconf 85' lang='lat' dir='ltr'>coelo</span> <span class='ocrx_word' id='word_1_154' title='bbox 765 1423 890 1461; x_wconf 91' lang='lat' dir='ltr'>super</span> <span class='ocrx_word' id='word_1_155' title='bbox 940 1411 1084 1447; x_wconf 90' lang='lat' dir='ltr'>domos</span> <span class='ocrx_word' id='word_1_156' title='bbox 1116 1418 1153 1446; x_wconf 89' lang='lat' dir='ltr'>et</span> <span class='ocrx_word' id='word_1_157' title='bbox 1183 1410 1374 1446; x_wconf 87' lang='lat' dir='ltr'>exurebat</span> <span class='ocrx_word' id='word_1_158' title='bbox 1405 1422 1470 1446; x_wconf 90' lang='lat' dir='ltr'>eas</span> <span class='ocrx_word' id='word_1_159' title='bbox 1493 1421 1581 1445; x_wconf 89' lang='lat' dir='ltr'>cum</span> 
     </span>
     <span class='ocr_line' id='line_1_18' title="bbox 88 1473 1580 1527; baseline -0.001 -15"><span class='ocrx_word' id='word_1_160' title='bbox 88 1475 321 1513; x_wconf 85' lang='lat' dir='ltr'>hominibus</span> <span class='ocrx_word' id='word_1_161' title='bbox 352 1484 389 1513; x_wconf 89' lang='lat' dir='ltr'>et</span> <span class='ocrx_word' id='word_1_162' title='bbox 420 1474 632 1526; x_wconf 87' lang='lat' dir='ltr'>jumentis.</span> <span class='ocrx_word' id='word_1_163' title='bbox 665 1475 812 1513; x_wconf 89' lang='lat' dir='ltr'>Secuta</span> <span class='ocrx_word' id='word_1_164' title='bbox 843 1484 903 1513; x_wconf 88' lang='lat' dir='ltr'>est</span> <span class='ocrx_word' id='word_1_165' title='bbox 933 1476 1078 1527; x_wconf 89' lang='lat' dir='ltr'>ingens</span> <span class='ocrx_word' id='word_1_166' title='bbox 1111 1474 1343 1526; x_wconf 81' lang='lat' dir='ltr'>pestilentia</span> <span class='ocrx_word' id='word_1_167' title='bbox 1375 1473 1580 1511; x_wconf 87' lang='lat' dir='ltr'>hominum</span> 
     </span>
     <span class='ocr_line' id='line_1_19' title="bbox 87 1540 1580 1592; baseline -0.002 -13"><span class='ocrx_word' id='word_1_168' title='bbox 87 1554 162 1592; x_wconf 90' lang='lat' dir='ltr'>per</span> <span class='ocrx_word' id='word_1_169' title='bbox 182 1549 305 1579; x_wconf 91' lang='lat' dir='ltr'>totam</span> <span class='ocrx_word' id='word_1_170' title='bbox 329 1541 556 1588; x_wconf 89' lang='lat' dir='ltr'>Franciam,</span> <span class='ocrx_word' id='word_1_171' title='bbox 575 1550 613 1579; x_wconf 89' lang='lat' dir='ltr'>et</span> <span class='ocrx_word' id='word_1_172' title='bbox 628 1542 946 1579; x_wconf 87' lang='lat' dir='ltr'>innumerabiles</span> <span class='ocrx_word' id='word_1_173' title='bbox 970 1541 1101 1579; x_wconf 88' lang='lat' dir='ltr'>omnis</span> <span class='ocrx_word' id='word_1_174' title='bbox 1118 1540 1258 1578; x_wconf 87' lang='lat' dir='ltr'>aetatis</span> <span class='ocrx_word' id='word_1_175' title='bbox 1275 1548 1312 1577; x_wconf 88' lang='lat' dir='ltr'>et</span> <span class='ocrx_word' id='word_1_176' title='bbox 1335 1553 1454 1577; x_wconf 82' lang='lat' dir='ltr'>sexus</span> <span class='ocrx_word' id='word_1_177' title='bbox 1471 1552 1580 1577; x_wconf 90' lang='lat' dir='ltr'>mor-</span> 
     </span>
     <span class='ocr_line' id='line_1_20' title="bbox 86 1605 1578 1659; baseline -0.001 -16"><span class='ocrx_word' id='word_1_178' title='bbox 86 1606 143 1643; x_wconf 86' lang='lat' dir='ltr'>tui</span> <span class='ocrx_word' id='word_1_179' title='bbox 166 1615 274 1644; x_wconf 89' lang='lat' dir='ltr'>sunt.</span> <span class='ocrx_word' id='word_1_180' title='bbox 300 1606 388 1644; x_wconf 89' lang='lat' dir='ltr'>Rex</span> <span class='ocrx_word' id='word_1_181' title='bbox 409 1607 534 1658; x_wconf 90' lang='lat' dir='ltr'>igitur</span> <span class='ocrx_word' id='word_1_182' title='bbox 564 1607 837 1659; x_wconf 89' lang='lat' dir='ltr'>Bulgarorum</span> <span class='ocrx_word' id='word_1_183' title='bbox 876 1621 958 1644; x_wconf 89' lang='lat' dir='ltr'>non</span> <span class='ocrx_word' id='word_1_184' title='bbox 979 1614 1149 1658; x_wconf 88' lang='lat' dir='ltr'>propter</span> <span class='ocrx_word' id='word_1_185' title='bbox 1171 1619 1310 1657; x_wconf 89' lang='lat' dir='ltr'>pacem</span> <span class='ocrx_word' id='word_1_186' title='bbox 1344 1605 1578 1656; x_wconf 88' lang='lat' dir='ltr'>imperatori</span> 
     </span>
     <span class='ocr_line' id='line_1_21' title="bbox 88 1670 1579 1724; baseline -0.002 -15"><span class='ocrx_word' id='word_1_187' title='bbox 88 1671 301 1723; x_wconf 89' lang='lat' dir='ltr'>epistolam</span> <span class='ocrx_word' id='word_1_188' title='bbox 324 1672 448 1717; x_wconf 89' lang='lat' dir='ltr'>misit,</span> <span class='ocrx_word' id='word_1_189' title='bbox 470 1686 590 1723; x_wconf 89' lang='lat' dir='ltr'>quam</span> <span class='ocrx_word' id='word_1_190' title='bbox 613 1686 702 1710; x_wconf 90' lang='lat' dir='ltr'>cum</span> <span class='ocrx_word' id='word_1_191' title='bbox 725 1672 910 1724; x_wconf 88' lang='lat' dir='ltr'>legisset,</span> <span class='ocrx_word' id='word_1_192' title='bbox 942 1681 1153 1723; x_wconf 87' lang='lat' dir='ltr'>permotus</span> <span class='ocrx_word' id='word_1_193' title='bbox 1177 1671 1234 1709; x_wconf 89' lang='lat' dir='ltr'>rei</span> <span class='ocrx_word' id='word_1_194' title='bbox 1260 1671 1452 1715; x_wconf 79' lang='lat' dir='ltr'>novitate,</span> <span class='ocrx_word' id='word_1_195' title='bbox 1487 1670 1579 1721; x_wconf 91' lang='lat' dir='ltr'>quia</span> 
     </span>
     <span class='ocr_line' id='line_1_22' title="bbox 86 1736 1580 1789; baseline -0.001 -15"><span class='ocrx_word' id='word_1_196' title='bbox 86 1750 305 1789; x_wconf 89' lang='lat' dir='ltr'>numquam</span> <span class='ocrx_word' id='word_1_197' title='bbox 326 1737 442 1789; x_wconf 86' lang='lat' dir='ltr'>prius</span> <span class='ocrx_word' id='word_1_198' title='bbox 464 1738 504 1775; x_wconf 93' lang='lat' dir='ltr'>in</span> <span class='ocrx_word' id='word_1_199' title='bbox 529 1738 741 1775; x_wconf 88' lang='lat' dir='ltr'>Franciam</span> <span class='ocrx_word' id='word_1_200' title='bbox 777 1747 944 1776; x_wconf 81' lang='lat' dir='ltr'>venerat</span> <span class='ocrx_word' id='word_1_201' title='bbox 965 1737 1057 1775; x_wconf 87' lang='lat' dir='ltr'>talis</span> <span class='ocrx_word' id='word_1_202' title='bbox 1093 1737 1257 1789; x_wconf 89' lang='lat' dir='ltr'>legatio,</span> <span class='ocrx_word' id='word_1_203' title='bbox 1283 1737 1330 1774; x_wconf 91' lang='lat' dir='ltr'>ad</span> <span class='ocrx_word' id='word_1_204' title='bbox 1363 1736 1580 1787; x_wconf 80' lang='lat' dir='ltr'>exploran-</span> 
     </span>
     <span class='ocr_line' id='line_1_23' title="bbox 86 1801 1579 1854; baseline -0.002 -14"><span class='ocrx_word' id='word_1_205' title='bbox 86 1803 176 1840; x_wconf 83' lang='lat' dir='ltr'>dam</span> <span class='ocrx_word' id='word_1_206' title='bbox 217 1816 378 1840; x_wconf 90' lang='lat' dir='ltr'>causam</span> <span class='ocrx_word' id='word_1_207' title='bbox 400 1801 670 1840; x_wconf 83' lang='lat' dir='ltr'>Machelmum</span> <span class='ocrx_word' id='word_1_208' title='bbox 687 1802 716 1850; x_wconf 76' lang='lat'>¹³,</span> <span class='ocrx_word' id='word_1_209' title='bbox 742 1804 929 1841; x_wconf 85' lang='lat' dir='ltr'>comitem</span> <span class='ocrx_word' id='word_1_210' title='bbox 949 1804 996 1841; x_wconf 91' lang='lat' dir='ltr'>de</span> <span class='ocrx_word' id='word_1_211' title='bbox 1017 1802 1217 1854; x_wconf 85' lang='lat' dir='ltr'>Bajoaria‚</span> <span class='ocrx_word' id='word_1_212' title='bbox 1243 1816 1331 1839; x_wconf 87' lang='lat' dir='ltr'>cum</span> <span class='ocrx_word' id='word_1_213' title='bbox 1348 1801 1449 1853; x_wconf 88' lang='lat' dir='ltr'>ipsis</span> <span class='ocrx_word' id='word_1_214' title='bbox 1468 1801 1579 1852; x_wconf 82' lang='lat' dir='ltr'>lega-</span> 
     </span>
     <span class='ocr_line' id='line_1_24' title="bbox 85 1866 1578 1920; baseline -0.002 -15"><span class='ocrx_word' id='word_1_215' title='bbox 85 1867 137 1905; x_wconf 91' lang='lat' dir='ltr'>tis</span> <span class='ocrx_word' id='word_1_216' title='bbox 153 1868 241 1920; x_wconf 90' lang='lat' dir='ltr'>regi</span> <span class='ocrx_word' id='word_1_217' title='bbox 265 1867 543 1920; x_wconf 89' lang='lat' dir='ltr'>Bulgarorum</span> <span class='ocrx_word' id='word_1_218' title='bbox 560 1868 722 1906; x_wconf 87' lang='lat' dir='ltr'>direxit.</span> <span class='ocrx_word' id='word_1_219' title='bbox 740 1869 852 1906; x_wconf 89' lang='lat' dir='ltr'>Tunc</span> <span class='ocrx_word' id='word_1_220' title='bbox 872 1869 1032 1920; x_wconf 85' lang='lat' dir='ltr'>hiemps</span> <span class='ocrx_word' id='word_1_221' title='bbox 1047 1868 1272 1919; x_wconf 89' lang='lat' dir='ltr'>asperrima</span> <span class='ocrx_word' id='word_1_222' title='bbox 1287 1875 1324 1905; x_wconf 92' lang='lat' dir='ltr'>et</span> <span class='ocrx_word' id='word_1_223' title='bbox 1340 1866 1578 1917; x_wconf 88' lang='lat' dir='ltr'>longissima</span> 
     </span>
     <span class='ocr_line' id='line_1_25' title="bbox 84 1932 1575 1982; baseline -0.001 -12"><span class='ocrx_word' id='word_1_224' title='bbox 84 1932 269 1972; x_wconf 87' lang='lat' dir='ltr'>homines</span> <span class='ocrx_word' id='word_1_225' title='bbox 291 1942 330 1971; x_wconf 87' lang='lat' dir='ltr'>et</span> <span class='ocrx_word' id='word_1_226' title='bbox 369 1934 556 1971; x_wconf 90' lang='lat' dir='ltr'>animalia</span> <span class='ocrx_word' id='word_1_227' title='bbox 595 1934 767 1971; x_wconf 80' lang='lat' dir='ltr'>extinxit</span> <span class='ocrx_word' id='word_1_228' title='bbox 793 1934 1130 1972; x_wconf 87' lang='lat' dir='ltr'>innumerabilem</span> <span class='ocrx_word' id='word_1_229' title='bbox 1171 1933 1468 1971; x_wconf 88' lang='lat' dir='ltr'>multitudinem</span> <span class='ocrx_word' id='word_1_230' title='bbox 1502 1944 1575 1982; x_wconf 90' lang='lat' dir='ltr'>per</span> 
     </span>
     <span class='ocr_line' id='line_1_26' title="bbox 84 1997 1573 2050; baseline -0.002 -14"><span class='ocrx_word' id='word_1_231' title='bbox 84 2007 208 2037; x_wconf 87' lang='lat' dir='ltr'>totam</span> <span class='ocrx_word' id='word_1_232' title='bbox 228 1998 415 2045; x_wconf 88' lang='lat' dir='ltr'>Galliam,</span> <span class='ocrx_word' id='word_1_233' title='bbox 440 2007 478 2037; x_wconf 87' lang='lat' dir='ltr'>et</span> <span class='ocrx_word' id='word_1_234' title='bbox 497 1999 666 2046; x_wconf 90' lang='lat' dir='ltr'>Italiam,</span> <span class='ocrx_word' id='word_1_235' title='bbox 691 2007 730 2037; x_wconf 90' lang='lat' dir='ltr'>et</span> <span class='ocrx_word' id='word_1_236' title='bbox 759 1999 1035 2037; x_wconf 88' lang='lat' dir='ltr'>Barbarorum</span> <span class='ocrx_word' id='word_1_237' title='bbox 1058 2008 1235 2050; x_wconf 89' lang='lat' dir='ltr'>gentem,</span> <span class='ocrx_word' id='word_1_238' title='bbox 1261 2007 1298 2035; x_wconf 85' lang='lat' dir='ltr'>et</span> <span class='ocrx_word' id='word_1_239' title='bbox 1322 1997 1573 2048; x_wconf 85' lang='lat' dir='ltr'>Hispaniam.</span> 
     </span>
    </p>
   </div>
   <div class='ocr_carea' id='block_1_3' title="bbox 79 2068 1576 2709">
    <p class='ocr_par' dir='ltr' id='par_1_3' title="bbox 79 2068 1576 2709">
     <span class='ocr_line' id='line_1_27' title="bbox 85 2068 1576 2121; baseline -0.003 -13"><span class='ocrx_word' id='word_1_240' title='bbox 85 2070 198 2108; x_wconf 87' lang='lat' dir='ltr'>Luna</span> <span class='ocrx_word' id='word_1_241' title='bbox 219 2070 367 2108; x_wconf 89' lang='lat' dir='ltr'>defecit</span> <span class='ocrx_word' id='word_1_242' title='bbox 387 2082 417 2107; x_wconf 91' lang='lat'>11</span> <span class='ocrx_word' id='word_1_243' title='bbox 440 2084 536 2108; x_wconf 91' lang='lat' dir='ltr'>non.</span> <span class='ocrx_word' id='word_1_244' title='bbox 556 2084 697 2117; x_wconf 86' lang='lat' dir='ltr'>marc.‚</span> <span class='ocrx_word' id='word_1_245' title='bbox 715 2071 814 2109; x_wconf 89' lang='lat' dir='ltr'>hora</span> <span class='ocrx_word' id='word_1_246' title='bbox 835 2071 966 2108; x_wconf 87' lang='lat' dir='ltr'>noctis</span> <span class='ocrx_word' id='word_1_247' title='bbox 981 2071 1173 2108; x_wconf 86' lang='lat' dir='ltr'>secunda.</span> <span class='ocrx_word' id='word_1_248' title='bbox 1197 2069 1352 2121; x_wconf 85' lang='lat' dir='ltr'>Suppo,</span> <span class='ocrx_word' id='word_1_249' title='bbox 1373 2070 1451 2106; x_wconf 83' lang='lat' dir='ltr'>dux</span> <span class='ocrx_word' id='word_1_250' title='bbox 1475 2068 1576 2119; x_wconf 75' lang='lat' dir='ltr'>Spo-</span> 
     </span>
     <span class='ocr_line' id='line_1_28' title="bbox 84 2134 1576 2188; baseline -0.003 -15"><span class='ocrx_word' id='word_1_251' title='bbox 84 2135 248 2183; x_wconf 90' lang='lat' dir='ltr'>litanus,</span> <span class='ocrx_word' id='word_1_252' title='bbox 293 2136 459 2173; x_wconf 63' lang='lat' dir='ltr'>obissec</span> <span class='ocrx_word' id='word_1_253' title='bbox 497 2137 728 2181; x_wconf 88' lang='lat' dir='ltr'>nunciatur,</span> <span class='ocrx_word' id='word_1_254' title='bbox 760 2145 797 2175; x_wconf 92' lang='lat' dir='ltr'>et</span> <span class='ocrx_word' id='word_1_255' title='bbox 835 2150 940 2188; x_wconf 87' lang='lat' dir='ltr'>papa</span> <span class='ocrx_word' id='word_1_256' title='bbox 961 2136 1170 2173; x_wconf 81' lang='lat' dir='ltr'>Romanus</span> <span class='ocrx_word' id='word_1_257' title='bbox 1192 2135 1306 2178; x_wconf 83' lang='lat' dir='ltr'>obiit,</span> <span class='ocrx_word' id='word_1_258' title='bbox 1333 2142 1369 2171; x_wconf 86' lang='lat' dir='ltr'>et</span> <span class='ocrx_word' id='word_1_259' title='bbox 1400 2134 1478 2170; x_wconf 90' lang='lat' dir='ltr'>duo</span> <span class='ocrx_word' id='word_1_260' title='bbox 1501 2145 1576 2183; x_wconf 92' lang='lat' dir='ltr'>per</span> 
     </span>
     <span class='ocr_line' id='line_1_29' title="bbox 84 2198 1574 2253; baseline -0.003 -14"><span class='ocrx_word' id='word_1_261' title='bbox 84 2202 386 2239; x_wconf 89' lang='lat' dir='ltr'>contentionem</span> <span class='ocrx_word' id='word_1_262' title='bbox 410 2202 450 2239; x_wconf 90' lang='lat' dir='ltr'>in</span> <span class='ocrx_word' id='word_1_263' title='bbox 473 2202 743 2253; x_wconf 88' lang='lat' dir='ltr'>apostolatum</span> <span class='ocrx_word' id='word_1_264' title='bbox 784 2204 945 2240; x_wconf 91' lang='lat' dir='ltr'>fuerunt</span> <span class='ocrx_word' id='word_1_265' title='bbox 967 2201 1098 2247; x_wconf 87' lang='lat' dir='ltr'>electi,</span> <span class='ocrx_word' id='word_1_266' title='bbox 1120 2201 1191 2238; x_wconf 87' lang='lat' dir='ltr'>sed</span> <span class='ocrx_word' id='word_1_267' title='bbox 1224 2198 1434 2237; x_wconf 68' lang='lat' dir='ltr'>vincented</span> <span class='ocrx_word' id='word_1_268' title='bbox 1456 2198 1574 2235; x_wconf 89' lang='lat' dir='ltr'>nobi-</span> 
     </span>
     <span class='ocr_line' id='line_1_30' title="bbox 82 2264 1572 2319; baseline -0.003 -15"><span class='ocrx_word' id='word_1_269' title='bbox 82 2267 178 2304; x_wconf 88' lang='lat' dir='ltr'>lium</span> <span class='ocrx_word' id='word_1_270' title='bbox 232 2276 362 2318; x_wconf 88' lang='lat' dir='ltr'>parte,</span> <span class='ocrx_word' id='word_1_271' title='bbox 423 2267 634 2305; x_wconf 87' lang='lat' dir='ltr'>ordinatus</span> <span class='ocrx_word' id='word_1_272' title='bbox 689 2276 750 2305; x_wconf 88' lang='lat' dir='ltr'>est</span> <span class='ocrx_word' id='word_1_273' title='bbox 796 2267 1022 2319; x_wconf 87' lang='lat' dir='ltr'>Eugenius,</span> <span class='ocrx_word' id='word_1_274' title='bbox 1043 2268 1262 2318; x_wconf 68' lang='lat' dir='ltr'>presbyter</span> <span class='ocrx_word' id='word_1_275' title='bbox 1298 2264 1402 2302; x_wconf 89' lang='lat' dir='ltr'>tituli</span> <span class='ocrx_word' id='word_1_276' title='bbox 1428 2264 1572 2300; x_wconf 78' lang='lat' dir='ltr'>Sancte.</span> 
     </span>
     <span class='ocr_line' id='line_1_31' title="bbox 84 2329 1570 2382; baseline -0.004 -12"><span class='ocrx_word' id='word_1_277' title='bbox 84 2332 248 2370; x_wconf 89' lang='lat' dir='ltr'>Sabine.</span> <span class='ocrx_word' id='word_1_278' title='bbox 275 2332 393 2380; x_wconf 87' lang='lat' dir='ltr'>Quod</span> <span class='ocrx_word' id='word_1_279' title='bbox 413 2346 502 2370; x_wconf 88' lang='lat' dir='ltr'>cum</span> <span class='ocrx_word' id='word_1_280' title='bbox 525 2332 721 2380; x_wconf 89' lang='lat' dir='ltr'>Quirinus</span> <span class='ocrx_word' id='word_1_281' title='bbox 753 2333 1026 2370; x_wconf 90' lang='lat' dir='ltr'>subdiaconus</span> <span class='ocrx_word' id='word_1_282' title='bbox 1067 2331 1301 2382; x_wconf 89' lang='lat' dir='ltr'>imperatori</span> <span class='ocrx_word' id='word_1_283' title='bbox 1343 2329 1570 2371; x_wconf 85' lang='lat' dir='ltr'>detulisset,</span> 
     </span>
     <span class='ocr_line' id='line_1_32' title="bbox 81 2393 1568 2449; baseline -0.003 -15"><span class='ocrx_word' id='word_1_284' title='bbox 81 2397 317 2449; x_wconf 89' lang='lat' dir='ltr'>imperator,</span> <span class='ocrx_word' id='word_1_285' title='bbox 354 2398 456 2436; x_wconf 88' lang='lat' dir='ltr'>facto</span> <span class='ocrx_word' id='word_1_286' title='bbox 492 2407 692 2435; x_wconf 84' lang='lat' dir='ltr'>conventu</span> <span class='ocrx_word' id='word_1_287' title='bbox 728 2398 777 2435; x_wconf 92' lang='lat' dir='ltr'>ad</span> <span class='ocrx_word' id='word_1_288' title='bbox 815 2397 1114 2448; x_wconf 88' lang='lat' dir='ltr'>Conpendium,</span> <span class='ocrx_word' id='word_1_289' title='bbox 1154 2395 1386 2433; x_wconf 88' lang='lat' dir='ltr'>Lotharium</span> <span class='ocrx_word' id='word_1_290' title='bbox 1429 2393 1568 2436; x_wconf 80' lang='lat' dir='ltr'>filium,</span> 
     </span>
     <span class='ocr_line' id='line_1_33' title="bbox 82 2459 1569 2514; baseline -0.005 -14"><span class='ocrx_word' id='word_1_291' title='bbox 82 2463 236 2500; x_wconf 91' lang='lat' dir='ltr'>socium</span> <span class='ocrx_word' id='word_1_292' title='bbox 259 2463 436 2514; x_wconf 91' lang='lat' dir='ltr'>imperii,</span> <span class='ocrx_word' id='word_1_293' title='bbox 455 2463 625 2500; x_wconf 88' lang='lat' dir='ltr'>Romam</span> <span class='ocrx_word' id='word_1_294' title='bbox 649 2463 772 2508; x_wconf 89' lang='lat' dir='ltr'>misit,</span> <span class='ocrx_word' id='word_1_295' title='bbox 797 2471 839 2500; x_wconf 92' lang='lat' dir='ltr'>ut</span> <span class='ocrx_word' id='word_1_296' title='bbox 860 2462 1068 2500; x_wconf 91' lang='lat' dir='ltr'>ordinaret</span> <span class='ocrx_word' id='word_1_297' title='bbox 1086 2461 1329 2498; x_wconf 90' lang='lat' dir='ltr'>inordinata.</span> <span class='ocrx_word' id='word_1_298' title='bbox 1358 2459 1454 2496; x_wconf 89' lang='lat' dir='ltr'>Inde</span> <span class='ocrx_word' id='word_1_299' title='bbox 1472 2471 1569 2494; x_wconf 82' lang='lat' dir='ltr'>vero</span> 
     </span>
     <span class='ocr_line' id='line_1_34' title="bbox 81 2523 1569 2579; baseline -0.005 -13"><span class='ocrx_word' id='word_1_300' title='bbox 81 2528 302 2579; x_wconf 86' lang='lat' dir='ltr'>imperator</span> <span class='ocrx_word' id='word_1_301' title='bbox 353 2542 442 2566; x_wconf 86' lang='lat' dir='ltr'>cum</span> <span class='ocrx_word' id='word_1_302' title='bbox 488 2529 667 2566; x_wconf 84' lang='lat' dir='ltr'>exercitu</span> <span class='ocrx_word' id='word_1_303' title='bbox 705 2528 955 2565; x_wconf 90' lang='lat' dir='ltr'>Britanniam</span> <span class='ocrx_word' id='word_1_304' title='bbox 995 2527 1145 2578; x_wconf 90' lang='lat' dir='ltr'>pergit.</span> <span class='ocrx_word' id='word_1_305' title='bbox 1183 2524 1398 2562; x_wconf 83' lang='lat' dir='ltr'>Lotharius</span> <span class='ocrx_word' id='word_1_306' title='bbox 1440 2523 1569 2560; x_wconf 88' lang='lat' dir='ltr'>medio</span> 
     </span>
     <span class='ocr_line' id='line_1_35' title="bbox 79 2589 1568 2645; baseline -0.003 -16"><span class='ocrx_word' id='word_1_307' title='bbox 79 2601 251 2644; x_wconf 90' lang='lat' dir='ltr'>augusto</span> <span class='ocrx_word' id='word_1_308' title='bbox 273 2593 314 2631; x_wconf 90' lang='lat' dir='ltr'>in</span> <span class='ocrx_word' id='word_1_309' title='bbox 337 2593 491 2632; x_wconf 89' lang='lat' dir='ltr'>Italiam</span> <span class='ocrx_word' id='word_1_310' title='bbox 512 2593 802 2645; x_wconf 88' lang='lat' dir='ltr'>proficiscitur.</span> <span class='ocrx_word' id='word_1_311' title='bbox 838 2593 1023 2630; x_wconf 90' lang='lat' dir='ltr'>Domnus</span> <span class='ocrx_word' id='word_1_312' title='bbox 1060 2604 1157 2629; x_wconf 86' lang='lat' dir='ltr'>vero</span> <span class='ocrx_word' id='word_1_313' title='bbox 1181 2590 1410 2627; x_wconf 81' lang='lat' dir='ltr'>Ludovicus</span> <span class='ocrx_word' id='word_1_314' title='bbox 1440 2589 1568 2638; x_wconf 87' lang='lat' dir='ltr'>irnpe-</span> 
     </span>
     <span class='ocr_line' id='line_1_36' title="bbox 80 2653 1568 2709; baseline -0.003 -15"><span class='ocrx_word' id='word_1_315' title='bbox 80 2665 206 2704; x_wconf 90' lang='lat' dir='ltr'>rator,</span> <span class='ocrx_word' id='word_1_316' title='bbox 223 2659 339 2696; x_wconf 90' lang='lat' dir='ltr'>initio</span> <span class='ocrx_word' id='word_1_317' title='bbox 357 2659 552 2700; x_wconf 72' lang='lat' dir='ltr'>autumni,</span> <span class='ocrx_word' id='word_1_318' title='bbox 576 2658 827 2696; x_wconf 89' lang='lat' dir='ltr'>Britanniam</span> <span class='ocrx_word' id='word_1_319' title='bbox 851 2658 1079 2709; x_wconf 83' lang='lat' dir='ltr'>ingressus.</span> <span class='ocrx_word' id='word_1_320' title='bbox 1103 2656 1234 2707; x_wconf 88' lang='lat' dir='ltr'>primo</span> <span class='ocrx_word' id='word_1_321' title='bbox 1256 2654 1445 2691; x_wconf 85' lang='lat' dir='ltr'>Redonas</span> <span class='ocrx_word' id='word_1_322' title='bbox 1469 2653 1568 2690; x_wconf 79' lang='lat' dir='ltr'>civi-</span> 
     </span>
    </p>
   </div>
   <div class='ocr_carea' id='block_1_4' title="bbox 78 2795 1564 2881">
    <p class='ocr_par' dir='ltr' id='par_1_4' title="bbox 78 2795 1564 2881">
     <span class='ocr_line' id='line_1_37' title="bbox 120 2795 1564 2841; baseline -0.001 -12"><span class='ocrx_word' id='word_1_323' title='bbox 120 2801 147 2837; x_wconf 84' lang='lat' dir='ltr'>z)</span> <span class='ocrx_word' id='word_1_324' title='bbox 164 2800 225 2830; x_wconf 75' lang='lat' dir='ltr'>XII</span> <span class='ocrx_word' id='word_1_325' title='bbox 247 2800 283 2834; x_wconf 87' lang='lat' dir='ltr'>F.</span> <span class='ocrx_word' id='word_1_326' title='bbox 307 2800 348 2832; x_wconf 89' lang='lat' dir='ltr'>G.</span> <span class='ocrx_word' id='word_1_327' title='bbox 365 2818 403 2824; x_wconf 91' lang='lat'><strong>—</strong></span> <span class='ocrx_word' id='word_1_328' title='bbox 418 2802 450 2840; x_wconf 81' lang='lat' dir='ltr'>a)</span> <span class='ocrx_word' id='word_1_329' title='bbox 472 2805 505 2831; x_wconf 87' lang='lat' dir='ltr'>et</span> <span class='ocrx_word' id='word_1_330' title='bbox 531 2811 593 2841; x_wconf 88' lang='lat' dir='ltr'>per</span> <span class='ocrx_word' id='word_1_331' title='bbox 608 2800 642 2835; x_wconf 83' lang='lat' dir='ltr'>F.</span> <span class='ocrx_word' id='word_1_332' title='bbox 666 2800 708 2832; x_wconf 91' lang='lat' dir='ltr'>G.</span> <span class='ocrx_word' id='word_1_333' title='bbox 733 2817 772 2823; x_wconf 95' lang='lat'><strong>—</strong></span> <span class='ocrx_word' id='word_1_334' title='bbox 787 2800 822 2840; x_wconf 83' lang='lat' dir='ltr'>b)</span> <span class='ocrx_word' id='word_1_335' title='bbox 843 2799 1051 2830; x_wconf 80' lang='lat' dir='ltr'>Macclinum</span> <span class='ocrx_word' id='word_1_336' title='bbox 1067 2799 1102 2831; x_wconf 80' lang='lat' dir='ltr'>F.</span> <span class='ocrx_word' id='word_1_337' title='bbox 1138 2798 1179 2830; x_wconf 84' lang='lat' dir='ltr'>G.</span> <span class='ocrx_word' id='word_1_338' title='bbox 1196 2815 1233 2820; x_wconf 93' lang='lat'><strong>—</strong></span> <span class='ocrx_word' id='word_1_339' title='bbox 1254 2798 1283 2829; x_wconf 61' lang='lat'>0]</span> <span class='ocrx_word' id='word_1_340' title='bbox 1307 2795 1434 2826; x_wconf 67' lang='lat' dir='ltr'>obiisse</span> <span class='ocrx_word' id='word_1_341' title='bbox 1465 2795 1499 2828; x_wconf 67' lang='lat' dir='ltr'>F,</span> <span class='ocrx_word' id='word_1_342' title='bbox 1523 2795 1564 2827; x_wconf 90' lang='lat' dir='ltr'>G.</span> 
     </span>
     <span class='ocr_line' id='line_1_38' title="bbox 78 2841 413 2881; baseline 0.006 -10"><span class='ocrx_word' id='word_1_343' title='bbox 78 2859 117 2864; x_wconf 98' lang='lat'><strong>—</strong></span> <span class='ocrx_word' id='word_1_344' title='bbox 139 2842 174 2881; x_wconf 93' lang='lat' dir='ltr'>d)</span> <span class='ocrx_word' id='word_1_345' title='bbox 196 2841 348 2872; x_wconf 78' lang='lat' dir='ltr'>vinceret</span> <span class='ocrx_word' id='word_1_346' title='bbox 375 2844 413 2874; x_wconf 75' lang='lat' dir='ltr'>A.</span> 
     </span>
    </p>
   </div>
  </div>
 </body>
</html>
