1908 3256
280 280 327 316 16
797 289 983 317 ,mmmm
1017 289 1257 316 cunonem.v

275 380 439 418 Domini
457 380 739 418 misericordia
759 387 1044 431 procurrente,
1068 378 1223 429 recepit
1244 379 1471 417 sanitatem.
1505 379 1664 431 Regina
1680 394 1779 419 vero

277 461 356 484 non
379 449 563 485 cessabat
585 447 798 497 predicare
821 445 908 497 regi
924 453 966 482 ut
982 444 1114 481 Deum
1130 457 1271 482 verum
1294 445 1462 493 coleret,
1485 454 1523 484 et
1544 445 1653 484 idola
1673 460 1777 485 vana

277 527 355 564 que
377 513 533 551 colebat
550 513 867 564 derelinqueret.
894 511 974 549 Sed
991 510 1102 548 nullo
1134 511 1255 548 modo
1290 511 1467 549 animum
1490 510 1577 563 ejus
1608 512 1658 549 ad
1688 526 1780 551 cre-

277 580 452 617 dendum
493 592 747 617 commovere
787 586 961 629 poterat,
1012 578 1141 614 donec
1175 577 1339 615 tandem
1376 577 1596 629 aliquando
1629 578 1780 617 bellum

278 655 418 683 contra
447 645 696 682 Alamannos
737 641 997 695 Suevosquej
1034 652 1269 681 moveretur
1299 643 1339 681 in
1362 657 1442 695 quo
1459 643 1697 695 compulsus
1720 653 1782 683 est

278 712 462 749 confiteri
485 725 602 762 quem
620 719 736 748 antea
757 717 988 761 negaverat.

334 780 394 815 14.
421 777 653 814 —Factum
677 785 737 814 est
759 783 905 822 autem,
936 775 1216 827 pugnantibus
1249 775 1358 814 inter
1386 790 1428 814 se
1455 776 1706 815 Francorum
1743 786 1782 816 et

278 842 596 880 Alamannorum
637 841 899 888 exercitibus,
924 849 967 878 ut
999 841 1179 892 populus
1223 841 1421 879 Clodovei
1446 841 1568 879 nimis
1602 842 1777 880 caderet.

279 908 525 946 Aurelianus
548 909 706 954 videns,
725 907 777 945 ait
793 908 841 945 ad
857 920 995 959 regem
1022 922 1029 944 :
1053 924 1068 942 κ
1088 907 1264 945 Domine
1281 908 1334 945 mi
1362 921 1447 955 rex,
1466 909 1587 946 crede
1601 916 1780 947 tantum—

282 992 298 1009 «
325 976 444 1012 modo
468 974 596 1011 Deum
615 973 689 1011 celi
705 986 824 1024 quem
840 973 982 1024 regina
997 982 1064 1011 tua
1079 973 1310 1024 predicat».
1336 973 1408 1011 Ille
1423 975 1545 1021 vero,
1561 974 1611 1011 ad
1626 973 1778 1012 caelum

278 1040 444 1077 elevatis
462 1039 589 1077 oculis
607 1048 831 1076 commotus
848 1039 1042 1085 lacrimis,
1060 1039 1175 1077 dixit:
1197 1056 1213 1074 «
1231 1039 1330 1077 Jesu
1347 1039 1526 1086 Christe,
1545 1052 1664 1091 quem
1681 1039 1779 1077 Cro-

280 1122 296 1141 «
317 1105 461 1143 childis
478 1119 579 1143 uxor
604 1119 689 1142 mea
710 1105 892 1155 predicat
915 1118 1005 1142 esse
1022 1105 1147 1142 filium
1178 1105 1254 1142 Dei
1275 1104 1398 1153 vivik,
1429 1105 1498 1157 qui
1521 1105 1716 1143 subvenis
1737 1105 1779 1143 in

282 1188 298 1207 α
323 1172 534 1222 periculis,
554 1171 622 1222 qui
639 1172 708 1208 das
725 1171 916 1208 auxilium
944 1171 985 1208 in
1013 1179 1052 1208 te
1081 1171 1362 1222 sperantibUS,
1392 1180 1505 1209 tuum
1533 1169 1778 1223 adjutorium

281 1254 297 1272 «
319 1238 488 1275 devotus
507 1237 736 1288 expostulo,
755 1246 811 1283 ut,
832 1237 865 1274 si
882 1236 978 1274 mihi
993 1236 1207 1274 victoriam
1225 1250 1350 1288 super
1365 1236 1427 1274 his
1455 1236 1643 1274 hostibus
1659 1237 1779 1275 dede-

281 1320 297 1337 «
317 1303 389 1342 ris.
409 1312 445 1340 et
462 1312 653 1354 expertus
681 1304 793 1340 suero
810 1303 918 1340 illam
939 1302 1148 1350 virtutem,
1180 1316 1298 1354 quam
1327 1303 1375 1340 de
1407 1310 1446 1339 te
1467 1302 1609 1353 populi
1636 1301 1778 1353 predi-

281 1387 296 1405 «
319 1379 422 1415 cant,
443 1371 602 1407 credam
620 1370 691 1407 tibi
709 1370 802 1407 etin
818 1369 981 1407 nomine
997 1379 1065 1407 tuo
1082 1370 1533 1421 baptizabolnlnvocaxd
1555 1369 1661 1407 enim
1677 1370 1776 1407 deos

278 1454 294 1471 «
315 1450 426 1474 meos
449 1446 500 1476 et.
519 1445 560 1474 ut
576 1437 710 1483 video,
736 1436 913 1487 elongati
937 1438 1094 1474 suntab
1118 1436 1267 1474 auxilio
1296 1450 1400 1483 meo,
1419 1436 1526 1473 unde
1554 1437 1677 1473 credo
1706 1449 1776 1473 eos

279 1520 295 1538 «
321 1503 469 1540 nullam
486 1503 633 1540 habere
649 1511 892 1554 potestatem
922 1503 989 1554 qui
1021 1502 1100 1540 sibi
1117 1503 1380 1540 credentibus
1402 1516 1485 1539 non
1514 1510 1772 1539 succurrunt.

278 1586 294 1604 «
316 1569 370 1606 Te
386 1583 525 1607 verum
543 1569 672 1606 Deum
701 1583 744 1606 ac
774 1569 995 1607 Dominum
1026 1569 1189 1617 invoco,
1219 1578 1340 1621 teque
1369 1569 1537 1606 credere
1565 1568 1772 1615 desidero,

278 1652 293 1669 «
320 1644 472 1673 tantum
488 1644 529 1672 ut
546 1635 697 1672 liberer
712 1637 759 1672 31)
783 1635 1032 1672 adversariis
1050 1635 1165 1672 meis.
1188 1651 1205 1669 »
1232 1634 1416 1686 Cumque
1439 1631 1512 1672 hec
1534 1648 1656 1672 orans
1691 1634 1774 1672 cla-

276 1710 416 1747 maret,
434 1700 646 1738 Alamanni
667 1701 706 1738 in
722 1702 854 1752 fugam
871 1701 993 1752 lapsi¹
1024 1710 1142 1752 terga
1167 1709 1395 1739 verterunt.
1424 1700 1607 1752 Cumque
1635 1713 1774 1752 regem

276 1780 390 1804 suum
405 1767 607 1804 vidissent
622 1775 840 1813 mortuum,
860 1766 1068 1804 Clodoxeo
1092 1781 1134 1804 se
1158 1768 1352 1813 subdunt,
1371 1766 1553 1804 dicentes
1570 1782 1577 1803 ε
1593 1783 1610 1802 α
1629 1766 1773 1811 Parce,

279 1849 294 1865 «
314 1846 541 1883 precamur,
561 1832 722 1869 domine
740 1846 825 1879 rex,
843 1847 892 1870 ne
908 1842 1048 1884 pereat
1064 1833 1157 1885 plus
1173 1833 1351 1884 populus
1370 1847 1378 1878 ;
1404 1830 1487 1883 jam
1502 1832 1560 1869 tui
1579 1846 1733 1870 sumus.
1756 1848 1772 1866 1)

277 1897 606 1949 Tuncjussitrex
622 1898 856 1936 imminente
878 1897 956 1950 jam
983 1899 1104 1950 plaga
1128 1912 1306 1944 cessare,
1330 1897 1579 1935 Alamannos
1603 1898 1712 1950 cepit
1738 1907 1777 1936 et

275 1964 389 2014 ipsos
406 1964 469 2001 vel
484 1972 633 2001 terram
651 1978 789 2001 eorum
807 1964 994 2017 subjugo
1016 1965 1256 2003 tributarios
1286 1963 1512 2002 constituit.
1546 1963 1668 2002 Facta
1693 1964 1774 2002 vic—

276 2030 393 2073 toria,
412 2044 603 2068 reversus
620 2038 680 2067 est
702 2030 740 2067 in
771 2031 981 2068 Franciam
1009 2032 1058 2069 ad
1085 2031 1268 2082 reginam
1303 2043 1430 2075 suam,
1454 2029 1716 2081 narravitque
1739 2030 1774 2067 ei

276 2095 450 2146 qualiter
464 2109 538 2146 per
553 2095 849 2133 invocationem
866 2096 1042 2134 nominis
1071 2096 1168 2134 Jesu
1197 2095 1351 2133 Christi
1384 2094 1600 2132 victoriam
1629 2095 1776 2132 meruit

277 2161 478 2212 optinere.
509 2160 609 2198 Acta
643 2170 735 2198 sunt
763 2161 833 2199 hec
868 2176 973 2199 anno
1002 2161 1286 2200 duodecimoln
1309 2161 1518 2198 Clodoveo
1559 2169 1771 2212 regnante.

278 2227 389 2264 Tunc
412 2227 553 2278 regina
568 2227 726 2265 vocavit
742 2228 978 2266 abscondite
995 2237 1177 2266 sanctum
1206 2227 1454 2279 Remigium,
1471 2226 1585 2263 urbis
1602 2226 1774 2265 Remen-

278 2293 335 2329 sis
361 2293 614 2344 episcopum,
645 2295 871 2344 deprecans
894 2308 984 2332 eum
1005 2304 1048 2332 ut
1069 2295 1158 2346 regi
1196 2295 1302 2332 viam
1335 2292 1476 2331 salutis
1519 2294 1772 2338 ostenderet,

278 2372 399 2409 quem
436 2360 626 2396 sacerdos
673 2361 722 2396 ad
755 2360 1000 2410 baptismum
1039 2360 1179 2398 venire
1212 2359 1463 2411 predicabat.
1500 2359 1554 2398 Et
1591 2359 1660 2396 ille
1687 2359 1743 2397 ait
1763 2373 1771 2394 :

281 2440 297 2459 «
332 2424 526 2461 Libenter
552 2433 589 2462 te
617 2425 789 2471 audiam,
819 2426 1054 2463 beatissime
1087 2434 1218 2477 pater,
1255 2426 1327 2463 sed
1351 2440 1475 2464 unum
1496 2434 1623 2465 restat
1641 2425 1776 2477 quod⁰

283 2505 299 2524 «
336 2490 513 2540 populus
551 2491 619 2541 qui
672 2505 733 2528 me
768 2492 954 2542 sequitur
1001 2506 1083 2529 non
1115 2493 1202 2530 vult
1233 2493 1468 2544 relinquere
1511 2493 1610 2530 deos
1659 2504 1771 2528 suos.

283 2571 299 2590 «
326 2555 478 2593 Vadam
512 2556 718 2594 adhortari
750 2571 819 2595 eos
833 2556 948 2609 juxta
967 2559 1136 2596 verbum
1170 2567 1294 2596 tuum.
1319 2574 1336 2594 »
1363 2558 1622 2597 Conveniens
1643 2564 1778 2595 autem

319 2721 346 2762 j)
364 2722 539 2763 Sevosque
567 2723 605 2755 D.
636 2723 718 2753 E.-—
739 2723 772 2763 k)
793 2724 863 2756 vivi
885 2725 978 2754 deest
1003 2725 1039 2761 F,
1063 2725 1102 2756 G.
1124 2743 1166 2749 -—
1184 2726 1207 2763 l)
1223 2725 1314 2757 versi
1335 2726 1374 2757 G.
1397 2744 1437 2748 —
1457 2726 1504 2766 m)
1526 2736 1616 2755 anno
1636 2725 1710 2755 XY⁰
1736 2724 1773 2761 D,

279 2781 316 2817 E,
339 2781 374 2811 F.
391 2800 432 2804 —
451 2782 486 2822 n)
508 2782 555 2811 ait
577 2783 670 2812 deest
691 2783 727 2818 E,
751 2784 844 2814 G.—
863 2784 894 2825 o)
917 2784 998 2825 quia
1019 2785 1057 2819 D,
1081 2785 1118 2821 E,
1140 2786 1175 2821 F,
1198 2785 1237 2816 G.
