1908 3256
630 339 748 364 mnan
779 340 954 365 TEnTms
1476 332 1546 368 177

57 444 135 468 suo
163 427 368 479 servavit,
405 437 448 469 et
476 428 511 468 si
546 427 658 470 sorte
688 446 710 470 a
737 429 928 470 tumultu
954 440 1142 481 vacaret,
1176 431 1357 472 lectioni
1391 447 1469 488 per
1504 448 1547 473 se

57 497 202 554 ipsum
237 514 417 555 operam
453 498 600 545 dabat,
638 499 915 559 longioribus
959 501 1164 542 noctibus
1205 501 1468 543 elucubrans
1506 503 1548 543 in

57 569 202 620 libris,
229 569 370 610 donec
393 586 547 610 somno
569 570 837 612 vinceretur.
865 572 955 612 Hoc
991 572 1260 614 Hludovicus
1292 574 1547 630 imperator,

57 640 141 681 hoc
172 649 297 697 pater
326 642 420 697 ejus
448 642 636 700 Magnus
672 643 859 683 Karolus
887 645 1215 686 assuescebant.
1247 645 1550 686 Theodosius*

59 728 237 769 quoque
270 712 411 753 victor
440 722 652 772 augustus
675 713 718 754 in
753 714 849 755 aula
871 715 1038 771 palatii,
1071 732 1157 757 non
1187 716 1316 757 modo
1344 716 1549 775 legendQ

60 800 213 826 verum
240 793 282 825 et
310 784 547 826 scribendo
575 785 847 827 creberrime
871 787 1211 829 exercitabatur.
1229 789 1334 829 Nam
1352 789 1553 830 Octavia-

62 871 145 897 nus
187 855 321 896 Cesar
355 855 580 915 Augustus
609 866 709 913 post
737 857 973 898 lectionem
1003 859 1183 916 propria
1223 876 1350 901 manu
1390 860 1554 917 praelia

66 943 143 968 sua
166 936 209 968 et
237 935 360 987 gesta
387 928 687 969 Romanorum
725 937 768 970 et
797 928 880 970 alia
912 945 1111 988 quaeque
1144 947 1230 972 non
1264 931 1413 991 segnis
1446 931 1555 972 scri-

62 999 212 1040 bebat.

123 1071 196 1113 55.
233 1095 291 1101 -
321 1070 398 1111 His
420 1070 699 1128 temporibus
720 1072 961 1113 Normanni
985 1073 1244 1130 supradicti,
1270 1074 1386 1131 quod
1410 1083 1555 1130 patres

68 1157 220 1183 eorum
243 1157 472 1199 nunquam
495 1142 588 1183 ausi
618 1153 719 1185 sunt
747 1143 906 1194 facere,
932 1161 1029 1185 cum
1058 1145 1287 1186 innumera
1319 1146 1456 1186 classe
1487 1145 1556 1186 lli-

67 1213 267 1254 berniam
302 1213 508 1265 insulam,
554 1230 664 1271 quae
700 1225 739 1256 et
773 1215 982 1257 Ilirlamla
1018 1217 1195 1262 (licitui,
1232 1217 1423 1275 ingressi
1457 1227 1557 1259 sunt

63 1301 150 1326 una
185 1301 284 1326 cum
321 1285 534 1326 uxoribus
575 1295 617 1327 et¹
658 1287 811 1328 liberis
843 1297 885 1329 et
917 1288 1101 1344 captivis
1130 1289 1401 1339 christianis,
1447 1306 1556 1346 quos

62 1356 259 1397 fecerant
282 1356 367 1397 sibi
390 1358 884 1408 servos,ut,lli1·landis
907 1360 1130 1405 extinctis,
1152 1360 1233 1417 ipsi
1258 1377 1336 1417 pro
1353 1361 1415 1401 cis
1436 1361 1554 1401 inha-

61 1427 257 1469 bitarent
284 1428 668 1484 opulentissimam
697 1439 876 1471 terram.
897 1432 1015 1483 Quae
1040 1448 1098 1472 xii
1123 1432 1321 1472 civitates
1344 1449 1440 1473 cum
1464 1449 1555 1472 am-

63 1499 277 1556 plissimis
300 1499 632 1557 episcopatibus
657 1511 699 1542 ct
733 1518 867 1543 unum
903 1519 1054 1561 regem
1092 1503 1225 1544 habet
1254 1513 1293 1544 et
1330 1504 1555 1560 propriam

64 1571 279 1631 linguam,
306 1573 383 1614 sed
416 1573 574 1614 latinas
598 1573 785 1615 litteras.
814 1576 952 1627 Quam
977 1585 1154 1616 sanctus
1177 1576 1395 1616 Patricius
1420 1592 1557 1615 roma-

66 1658 147 1684 nus
179 1643 233 1684 ad
266 1643 399 1685 fidem
434 1645 669 1693 convertit,
702 1655 744 1686 et
772 1646 833 1686 ibi
869 1646 1038 1702 primus
1068 1646 1257 1703 praefuit
1293 1646 1555 1703 episcop1153

65 1731 176 1772 quae
192 1715 388 1772 undique
412 1716 521 1757 mari
537 1716 851 1758 circumcincta
875 1727 955 1759 est.
984 1718 1047 1759 lbi
1072 1718 1324 1759 solsticialis
1348 1717 1558 1758 brumalis

68 1786 164 1828 dies
182 1787 253 1828 vix
282 1787 467 1828 duarum
490 1797 556 1829 est
578 1789 804 1840 horarum,
831 1798 873 1830 ct
896 1789 1149 1830 solsticialis
1173 1790 1308 1830 estiva
1332 1806 1417 1830 nox
1449 1790 1559 1845 ejus-

68 1857 167 1899 dem
205 1858 451 1915 parvitatis.
492 1860 756 1900 Consertum
793 1870 858 1902 est
880 1877 987 1919 ergo
1016 1861 1229 1917 praelium
1261 1877 1338 1918 per
1367 1860 1560 1901 triduum

73 1929 365 1980 incessanter,
410 1940 452 1971 et
483 1932 839 1973 Normannorum
870 1933 1017 1974 nullus
1046 1932 1166 1974 vivus
1201 1932 1352 1974 evasit.
1394 1933 1561 1973 Uxores

69 2017 222 2042 eorum
245 2017 343 2042 cum
375 2002 569 2058 parvulis
598 2019 692 2044 sese
716 2013 898 2045 cunctae
922 2004 966 2045 in
998 2020 1115 2045 mare
1145 2003 1411 2060 praecipites
1434 2002 1562 2043 suffo-

70 2081 241 2114 carunt.
269 2073 354 2125 Qui
375 2073 591 2131 vivicapti
617 2085 733 2126 sunt,
760 2075 864 2116 seris
887 2075 940 2116 ad
956 2075 1209 2117 laniandum
1232 2075 1420 2132 projecti
1444 2083 1560 2115 sunt.

72 2146 217 2186 Unum
241 2161 293 2185 ex
320 2144 505 2201 captivis
527 2146 698 2188 dimisit
726 2163 803 2188 rex
822 2147 985 2197 vivere,
1017 2147 1119 2204 quia
1147 2146 1437 2188 christianum
1466 2162 1562 2201 cap-

68 2215 205 2257 tivum
226 2215 360 2257 fuisse
383 2216 607 2276 cognovit,
633 2227 676 2259 et
697 2235 795 2259 cum
824 2219 1082 2259 muneribus
1117 2218 1308 2259 donavit.
1337 2219 1430 2259 Rex
1458 2233 1561 2257 vero

71 2287 266 2328 Canotus
289 2287 342 2328 de
365 2289 669 2330 Danamarcha
690 2306 902 2347 paganus,
923 2299 1095 2331 mortuo
1118 2289 1337 2331 Adalrado
1353 2305 1457 2347 rege
1480 2289 1564 2329 An-

77 2359 267 2419 glorum,
305 2375 492 2419 regnum
528 2361 622 2417 ejus
645 2361 747 2401 dolo
766 2362 900 2419 cepit,
927 2371 969 2403 et
1009 2361 1206 2421 reginam
1248 2361 1489 2419 Anglorum
1524 2360 1566 2399 in

79 2431 337 2491 conjugium
360 2431 547 2488 accepit,
574 2448 684 2488 quae
714 2443 806 2474 erat
841 2450 966 2474 soror
989 2433 1163 2474 comitis
1191 2432 1471 2474 Rotomensis
1498 2431 1569 2472 Ri-

82 2502 254 2553 chardi,
286 2511 328 2543 et
351 2501 489 2543 sactus
513 2503 797 2554 christianus,
824 2514 1011 2561 utraque
1042 2521 1175 2563 regna
1197 2504 1354 2553 tenuit,
1381 2513 1419 2544 et
1444 2519 1571 2560 quos-

84 2590 271 2632 cumque
303 2576 445 2633 potuit
476 2592 527 2616 ex
545 2575 730 2634 paganis
752 2576 804 2617 de
826 2577 1128 2617 Danamarcha
1159 2576 1211 2617 ad
1246 2576 1374 2616 fidem
1405 2574 1571 2615 Christi

121 2729 155 2770 k)
182 2730 269 2760 Nam
293 2735 326 2761 ct
347 2731 584 2762 Octaviannus
607 2731 713 2761 Cesar
733 2732 910 2771 Augustus
930 2732 965 2762 in
982 2732 1060 2761 aula
1082 2731 1204 2772 palatii
1222 2742 1287 2761 non
1311 2731 1411 2760 morlo
1426 2731 1570 2773 legendo

82 2781 203 2802 verum
223 2776 257 2802 et
287 2772 470 2803 scribendo
491 2773 699 2803 creberrime
715 2778 812 2814 gesta
833 2778 867 2804 ct
886 2773 954 2803 alia
976 2784 1109 2814 queque.
1131 2784 1196 2803 non
1213 2773 1328 2811 segnis
1343 2772 1517 2802 scribebat
1532 2772 1569 2803 C.

1387 2899 1424 2928 12

1674 2230 1745 2258 1016
