1908 3256
244 258 316 294 112
763 266 950 293 ADEMAnl
981 266 1223 292 cunoxicox

239 359 416 407 dinatus,
440 367 531 397 ante
553 359 656 397 duos
685 371 847 396 menses
882 357 1206 396 consecrationis
1241 369 1328 403 sue,
1368 357 1418 394 ad
1451 356 1741 408 imperatorem

241 426 493 464 contendens
514 438 589 476 per
611 426 713 462 duos
736 425 966 475 legatos‚de
989 437 1061 461 sua
1082 422 1341 461 ordinatione
1363 422 1399 460 ei
1422 422 1640 470 mandavit.
1660 422 1741 461 Im-

240 502 407 544 perator
421 507 519 531 vero
535 492 675 530 Remis
693 492 728 530 ei
747 505 985 538 occurrens,
998 504 1087 529 cum
1100 504 1248 543 magno
1264 490 1419 528 honore
1439 504 1529 528 eum
1545 491 1741 543 suscepit.

244 561 337 610 Qui,
362 562 566 599 insinuata
588 575 707 598 causa
728 561 925 598 adventus
942 559 1020 605 sui,
1045 568 1083 598 et
1103 559 1319 597 celebratis
1336 559 1553 597 missarum
1576 559 1743 597 sollem-

246 629 372 680 pniis,
397 629 582 667 diadema
603 628 723 680 capiti
744 626 830 679 ejus
852 627 1046 679 imposuit
1081 636 1119 665 et
1151 628 1199 665 ab
1241 641 1287 665 eo
1323 627 1462 665 multis
1505 627 1743 666 muneribus

245 697 411 743 ditatus,
431 706 469 735 et
484 697 726 735 utilitatibus
749 696 1039 734 ecclesiasticis
1061 696 1209 747 positis
1223 701 1238 718 ¹¹
1259 696 1442 748 pontifex
1460 709 1653 734 romanus
1673 695 1744 733 irn-

246 774 413 816 perator
435 765 763 816 Compendium⁰
783 764 976 815 palatium
1010 764 1142 815 petiit.
1169 764 1248 802 Ubi
1283 764 1331 802 de
1361 763 1562 815 Hispania
1588 764 1744 816 legatos

246 833 543 879 Abderraman‚
561 832 631 869 filii
653 832 849 870 Ambulaz
872 832 999 884 regis,
1023 832 1072 869 ad
1095 845 1137 869 se
1161 832 1311 869 missos
1335 831 1531 883 suscepit.
1552 831 1745 884 Comple-

239 901 376 952 tisque
400 901 455 938 ibi
488 913 543 938 xx
565 900 725 945 diebus,
760 899 1012 951 Aquisgrani
1045 900 1094 937 ad
1128 899 1385 938 hiemandum
1425 901 1634 951 profectus
1667 908 1742 938 est.

241 968 326 1010 Ubi
349 969 502 1010 habito
525 968 731 1019 concilio,
757 967 801 1008 id
824 976 890 1008 est
926 967 1172 1009 indictione
1207 967 1379 1009 decima
1419 983 1534 1009 anno
1567 966 1746 1024 imperii

242 1042 308 1083 sui
350 1043 499 1093 tertio,
544 1043 597 1083 ab
636 1041 942 1082 incarnatione
989 1041 1170 1082 Domini
1218 1041 1592 1101 octingentesimo
1635 1053 1741 1091 XV10,

236 1116 368 1172 jussit
388 1116 484 1157 fieri
507 1115 706 1175 regulam
729 1115 955 1156 canonicis
979 1124 1232 1172 excerptam
1263 1115 1315 1157 de
1346 1115 1535 1157 diversis
1570 1124 1744 1172 patrum

240 1188 513 1245 scripturis»,
547 1188 831 1245 decrevitque
867 1203 961 1228 eam
995 1187 1315 1228 observandam
1350 1204 1373 1229 a
1413 1187 1638 1229 canonicis
1678 1196 1741 1239 ut,

239 1264 350 1305 sicut
376 1262 579 1304 monachi
602 1261 849 1319 respiciunt
873 1261 927 1302 ad
950 1261 1113 1302 librum
1137 1261 1291 1321 regule
1323 1261 1463 1302 sancti
1492 1261 1741 1312 Benedicti,

239 1338 300 1379 sic
323 1338 556 1397 perlegant
579 1336 782 1377 canonici
804 1335 920 1377 inter
938 1352 982 1377 se
1003 1335 1166 1377 librum
1189 1336 1275 1377 vite
1293 1336 1575 1377 clericorum.
1603 1337 1744 1389 Quem

239 1412 399 1452 librum
422 1410 697 1452 Amaleriusq
725 1410 937 1451 diaconus
967 1411 1019 1451 ab
1048 1409 1318 1466 imperatore
1350 1411 1517 1466 jussus,
1562 1409 1744 1470 collegit

239 1502 290 1526 cx
312 1485 498 1526 diversis
516 1484 747 1526 doctorum
771 1484 1029 1526 sentenciis.
1056 1483 1191 1525 Dedit
1225 1484 1265 1525 ei
1299 1484 1541 1541 imperator
1570 1484 1742 1541 copiam

239 1560 456 1601 librorum
479 1559 532 1600 de
550 1559 712 1616 palatio
736 1575 830 1609 suo,
852 1568 900 1600 ut
923 1575 975 1600 ex
996 1558 1106 1615 ipsis
1146 1575 1193 1600 ea
1223 1574 1308 1616 que
1336 1558 1596 1600 viderentur
1637 1574 1744 1600 con-

240 1650 347 1693 grua
371 1642 647 1690 excerperet,
673 1633 815 1684 etita,
847 1649 945 1674 cum
980 1632 1173 1674 decretis
1210 1632 1526 1689 episcoporum
1568 1632 1644 1690 qui
1679 1631 1742 1674 ibi

240 1708 433 1759 suerunt,
465 1708 551 1750 vita
574 1708 838 1749 clericorum
862 1708 1070 1748 roborata
1093 1717 1173 1749 est.
1203 1706 1396 1763 Scripsit
1429 1706 1574 1748 eidem
1606 1707 1744 1764 impe-

240 1783 376 1824 ratori
400 1782 681 1839 supradictus
710 1781 959 1823 Amalerius
983 1781 1146 1823 librum
1167 1781 1220 1822 de
1238 1781 1396 1823 officiis
1419 1781 1598 1833 divinis,
1624 1790 1667 1823 et
1689 1781 1742 1822 de

239 1856 528 1898 varietatibus
558 1872 727 1907 eorum,
755 1865 797 1897 et
819 1855 871 1897 de
891 1855 1048 1897 ordine
1090 1855 1362 1912 psalmorum
1400 1856 1524 1912 juxta
1559 1855 1741 1897 clerIco-

240 1947 335 1971 rum
358 1946 485 1971 usum
507 1929 753 1987 antiquum.

292 2013 329 2048 3.
354 2033 405 2038 -
430 2010 589 2048 Interea
608 2010 729 2061 legati
753 2008 1039 2053 Abderamam,
1065 2009 1136 2046 filii
1159 2008 1371 2056 Ambulaz,
1396 2009 1507 2061 regis
1549 2009 1743 2047 Sarrace-

242 2092 402 2123 norum,
428 2079 476 2116 de
506 2078 808 2128 Cesaraugusta
830 2077 962 2123 missi,
998 2077 1112 2127 pacis
1148 2078 1323 2128 petende
1358 2077 1489 2129 gratia
1524 2086 1741 2123 venerunt,

241 2155 279 2184 et
302 2146 558 2197 Compendio
583 2147 630 2183 ab
653 2146 898 2196 imperatore
920 2145 1061 2190 auditi,
1095 2144 1349 2197 Aquisgrani
1389 2159 1479 2183 eum
1519 2145 1744 2197 precedere

235 2213 342 2265 jussi
384 2222 491 2251 sunt.
528 2214 616 2261 Quo
651 2227 740 2251 cum
775 2213 1048 2264 pervenisset,
1084 2213 1260 2265 legatum
1299 2213 1449 2252 Leonis
1483 2213 1742 2265 imperatoris

242 2296 319 2334 pro
342 2282 634 2319 Dalmatiarum
657 2295 776 2319 causa
796 2281 977 2332 suscepit
994 2281 1241 2319 Niceforum.
1269 2281 1398 2330 Quem
1434 2282 1528 2333 quia
1550 2281 1742 2325 Cadolac,

244 2351 327 2387 dux
350 2350 564 2395 Dalmafie,
581 2363 662 2386 non
684 2350 836 2395 aderat,
856 2350 927 2386 sed
950 2349 989 2386 in
1011 2349 1125 2387 brevi
1140 2357 1337 2387 venturus
1352 2347 1746 2401 putabaturr‚jussit

242 2427 481 2469 expectare.
508 2418 598 2465 Quo
612 2417 819 2462 veniente,
843 2417 946 2454 ratio
968 2417 1102 2454 habita
1123 2426 1185 2455 est
1206 2417 1313 2455 inter
1333 2431 1423 2455 eum
1443 2425 1480 2455 et
1510 2417 1744 2455 Niceforum

247 2486 297 2523 de
322 2486 607 2537 questionibus
630 2485 791 2531 delatis,
816 2494 854 2523 et
872 2485 966 2536 quia
986 2499 1052 2523 res
1075 2486 1123 2523 ad
1146 2485 1355 2523 Romanos
1371 2494 1410 2523 et
1425 2485 1593 2524 Sclavos
1614 2483 1745 2537 perti-

245 2555 369 2592 nebat
386 2568 518 2606 neque
553 2554 640 2592 sine
662 2554 823 2592 illorum
846 2554 1054 2605 presentia
1075 2562 1235 2605 poterat
1254 2553 1377 2599 finiri,
1394 2554 1595 2592 differtur.
1613 2552 1746 2591 Misit·
1783 2584 1785 2587 .

292 2703 327 2741 n)
349 2703 532 2744 dispositis
566 2703 603 2739 E,
624 2702 660 2738 F,
677 2703 718 2734 G.
737 2719 776 2726 —-
790 2703 822 2744 o)
847 2702 1099 2743 Compendium
1126 2703 1219 2732 deest
1239 2703 1276 2739 E,
1298 2702 1335 2739 F,
1353 2702 1397 2734 G.
1417 2702 1562 2733 Romam
1591 2702 1747 2743 pontifex

248 2745 355 2775 rediit
380 2750 411 2775 ot
432 2745 626 2785 imperator
644 2744 682 2781 1⁴¹,
700 2745 743 2776 G.
757 2762 798 2768 —
812 2745 851 2785 p)
879 2744 1059 2775 sententiis
1082 2745 1119 2779 Ε,
1143 2745 1180 2781 F,
1198 2744 1240 2776 G.
1261 2763 1300 2768 -
1321 2746 1355 2785 q)
1375 2744 1573 2775 Amalarius
1596 2744 1632 2784 F,
1648 2744 1689 2777 G.
1705 2762 1744 2768 -

246 2790 274 2825 r)
296 2787 481 2827 petebatur
506 2788 543 2819 A.
