1908 3256
647 329 762 353 maizu
794 329 968 353 'ri-:urus
1483 319 1552 352 113⁸.)

68 418 244 459 essixuni
278 417 322 458 hi
363 417 459 474 ipso
500 418 626 459 celou
663 428 703 460 ct
750 420 929 461 I)on1h1i
975 422 1238 476 pcu‹hu1huu
1285 421 1467 479 liguram]
1510 419 1553 460 iu

67 505 213 540 cruce,
251 489 388 530 multo
411 488 590 530 flumine
620 490 899 532 lacrimarum
929 492 1324 532 inlacrimantem¹'.
1360 492 1455 547 lpse
1486 507 1554 530 au-

66 571 155 603 tem
183 560 257 618 qui
280 561 385 601 hacc
408 560 533 611 vidit,
558 562 786 609 attonitus,
807 563 943 603 nichil
961 563 1078 604 aliud
1102 563 1244 619 potuit
1266 578 1395 619 agcrc
1425 578 1552 618 quam

68 632 271 675 lacrimas
293 633 346 673 ab
369 631 508 673 oculis
532 632 816 689 profundere.
843 634 963 676 Vidit
979 651 1081 675 vcro
1108 643 1192 674 tam
1218 634 1355 689 ipsam
1379 649 1553 673 crucem

69 720 198 762 quam
232 703 418 764 figuram
459 703 658 745 crucifixi
692 705 839 746 colore
880 706 1011 765 igneo
1053 715 1091 747 ct
1134 706 1264 747 nimis
1312 704 1554 763 sanguineo

67 785 203 817 totam
225 791 304 832 per
327 774 556 816 dimidiam
585 776 727 817 noctis
755 777 924 827 horam,
951 794 1178 835 quousque
1208 778 1301 819 celo
1326 793 1420 818 sese
1444 777 1555 817 clau-

69 847 209 889 deret.
229 848 284 887 Et
305 846 424 904 quod
445 846 553 887 vidit
578 863 753 904 semper
784 848 828 889 in
863 849 994 890 corde
1027 849 1198 897 celavit,
1232 865 1459 906 quousque
1483 848 1553 888 hic.

69 918 265 975 scripsit,
290 917 506 975 testisque
530 927 597 959 est
623 919 839 960 Dominus
863 920 980 977 quod
1012 921 1118 962 haec
1146 920 1256 961 vidit
1275 924 1302 960 ¹.

127 991 196 1033 47.
222 1015 280 1020 -
301 991 364 1030 Eo
386 1005 501 1030 anno
524 989 760 1031 Hilduinus
785 991 1020 1048 episcopus
1043 992 1203 1033 Judeos
1226 991 1480 1032 Lemovicac
1504 991 1557 1032 ad

69 1061 337 1119 baptismum
372 1060 588 1118 conpulit,
620 1061 718 1121 lege
752 1062 938 1118 prolata,
974 1072 1019 1104 ut
1051 1072 1123 1104 aut
1151 1062 1381 1103 christiani
1411 1072 1559 1104 essent

68 1143 142 1176 aut
169 1133 252 1174 de¹
281 1132 456 1174 civitate
480 1132 759 1183 recederent,
786 1143 828 1175 et
856 1150 935 1191 per
964 1151 1096 1175 unum
1135 1150 1331 1176 mensem
1354 1134 1559 1175 doctores

70 1205 242 1246 divinos
270 1203 404 1261 jussit
426 1204 654 1261 disputare
678 1221 775 1246 cum
810 1205 976 1256 Judeis,
1003 1215 1049 1247 ut
1083 1222 1156 1247 eos
1185 1206 1238 1247 ad
1267 1206 1397 1246 fidem
1427 1222 1559 1265 coge-

70 1282 229 1327 rent&
263 1284 305 1317 et
332 1285 423 1317 tres
458 1276 525 1316 vel
555 1285 742 1332 quatuor
772 1276 898 1317 Judei
928 1277 1159 1319 christiani
1199 1277 1299 1319 sacti
1329 1286 1444 1318 sunt.
1477 1278 1560 1319 Ce-

70 1358 166 1390 tera
193 1357 339 1390 autem
364 1347 602 1389 multitudo
632 1364 711 1405 per
733 1348 840 1390 alias
863 1349 1062 1390 civitates
1092 1349 1309 1409 diffugere
1341 1366 1437 1391 cum
1458 1366 1559 1391 uxo-

70 1420 210 1471 ribus,
237 1419 391 1461 liberis
415 1419 679 1460 festinavitz.
707 1421 808 1477 Ipso
835 1437 948 1461 anno
968 1421 1252 1477 sepulchrum
1268 1421 1560 1462 Dominillie-

70 1490 296 1533 rosolimis
333 1489 607 1531 confractum
647 1500 713 1532 est
750 1507 772 1532 a
800 1492 1023 1551 paga11is³,
1050 1509 1097 1533 111
1124 1492 1332 1533 kalendas
1365 1492 1560 1534 octobris

70 1563 157 1604 MX
202 1578 316 1603 anno
345 1562 399 1602 ab
438 1561 744 1603 incarnatione
781 1564 891 1619 ejus.
923 1565 1029 1604 Nam
1070 1563 1197 1604 Judei
1236 1563 1563 1605 occidentalesb

72 1633 284 1691 epistolas
319 1632 537 1674 miserunt
578 1633 621 1674 in
658 1634 889 1675 Orientem
912 1635 942 1686 ²,
980 1644 1237 1675 accusantes
1269 1635 1561 1684 Christianos,

73 1705 333 1748 mandantes
352 1704 576 1745 exercitus
595 1705 967 1747 Occidentaliumc
983 1722 1117 1763 super
1143 1708 1410 1747 Sarracenos
1422 1707 1564 1748 orien-

70 1779 183 1821 tales
227 1786 473 1819 commotos
508 1793 617 1818 esse.
659 1778 781 1818 Tunc
815 1778 1224 1819 Nabuchodonosor
1257 1778 1513 1820 Babiloniae
1530 1778 1560 1829 ³,

72 1866 203 1909 quem
233 1858 392 1891 vocant
425 1848 721 1899 Admiratum,
753 1849 999 1890 concitatus
1029 1865 1158 1890 suasu
1189 1850 1565 1891 Sarreccnorum‘¹

70 1923 117 1965 in
132 1922 259 1973 iram,
274 1937 478 1981 magnam
494 1919 783 1961 afflictionem
796 1936 928 1977 super
942 1920 1221 1961 Christianos
1240 1921 1451 1970 exercuit,
1466 1921 1564 1961 data

71 1995 186 2055 lege,
216 2003 264 2035 ut
292 1993 560 2052 quicumque
583 1992 817 2034 christiani
845 1992 898 2033 de
928 2009 1002 2033 sua
1025 2001 1243 2049 potestate
1272 1992 1440 2034 nollent
1469 1992 1564 2033 fieri

74 2065 324 2117 sarraceni,
350 2074 423 2106 aut
445 2064 795 2106 confiscarentur
817 2073 890 2105 aut
912 2064 1288 2105 interficerentur.
1327 2064 1451 2106 Unde
1480 2064 1562 2105 fac-

69 2146 163 2179 tum
200 2147 281 2188 est,
319 2146 366 2178 ut
406 2135 753 2177 innumerabiles
789 2135 1165 2177 christianorun1⁰
1204 2135 1432 2177 facultates
1468 2152 1565 2176 suas

71 2225 151 2267 pro
180 2209 348 2250 nichilo
377 2208 617 2259 ducerent;
644 2208 721 2249 sed
750 2217 890 2249 morte
924 2224 1052 2249 nemo
1083 2208 1244 2268 dignus
1279 2224 1359 2264 pro
1389 2207 1566 2249 Christo

112 2341 148 2382 u)
167 2340 267 2381 quasi
292 2340 464 2370 confixum
482 2339 515 2368 in
537 2338 598 2368 celi
618 2338 704 2369 C.—
731 2339 763 2378 v)
780 2339 986 2379 plorantem.
1009 2338 1073 2374 Qui
1104 2342 1218 2367 autom
1241 2338 1323 2367 haec
1345 2337 1382 2367 C.
1399 2355 1436 2359 —-
1454 2349 1470 2367 x
1507 2337 1567 2366 dv-

72 2383 180 2413 nitate
206 2384 241 2414 Α.
269 2399 309 2405 —·
330 2385 365 2422 y)
387 2392 444 2411 eos
475 2392 514 2411 ex
549 2381 620 2411 suis
654 2380 755 2410 libris
794 2380 1009 2410 revincerent
1036 2380 1071 2409 (j,
1097 2398 1137 2402 —
1169 2390 1197 2419 z)
1223 2379 1371 2415 Quidam
1398 2379 1501 2408 ctiam
1533 2391 1567 2407 su

71 2425 168 2465 ipsos
197 2425 288 2454 ferro
314 2423 578 2463 jugulaverunt.
613 2423 767 2452 nolentes
788 2421 1002 2462 baptismum
1024 2421 1200 2461 suscipere
1230 2421 1313 2450 add.
1340 2421 1379 2450 (J.
1399 2438 1436 2442 -—
1455 2431 1486 2449 a]
1511 2420 1568 2449 Ju-

73 2466 145 2497 deis
167 2470 200 2496 et
225 2464 427 2496 Sarracenis
456 2464 491 2494 C.
520 2482 560 2486 -—
585 2464 619 2504 b)
641 2468 674 2493 et
695 2463 878 2494 Sarraceni
898 2463 1064 2503 Hispanie
1094 2463 1174 2492 add.
1196 2462 1231 2493 C.
1254 2464 1337 2499 —c)
1359 2462 1565 2491 Francorum

73 2508 114 2538 C.
140 2525 176 2530 —
197 2507 231 2547 d)
256 2508 475 2547 Paganorum
498 2505 533 2535 C.
549 2523 590 2528 -—
610 2511 638 2536 el
657 2509 939 2536 converterentur
959 2504 1001 2534 ad
1025 2505 1135 2545 legem
1162 2506 1389 2534 sarracenam
1411 2507 1443 2533 et
1470 2514 1567 2532 izemo

70 2560 136 2590 pro
157 2549 296 2579 Christo
314 2552 424 2578 morte
442 2547 570 2588 dignus
590 2547 658 2577 suit
680 2547 720 2577 C.

114 2709 145 2740 1.
163 2708 205 2740 V.
225 2711 324 2738 notre
347 2708 498 2748 presace.

115 2751 142 2780 2.
164 2749 214 2780 Cf.
240 2749 350 2780 Raoul
374 2748 500 2781 Glaber
520 2748 594 2786 (III,
620 2747 671 2787 10)
691 2747 749 2788 qui
771 2750 911 2777 raeonte
932 2750 1006 2776 tout
1027 2756 1069 2775 au
1091 2745 1174 2784 long
1198 2754 1252 2773 ces
1277 2744 1505 2789 evencinents.

70 2790 394 2864 99321g2eit-a-dire
418 2791 462 2821 Le
480 2790 589 2822 Caire.
606 2790 633 2820 Il
655 2789 759 2829 s'agit
778 2788 821 2818 ici
843 2789 887 2818 du
908 2787 1010 2817 calife
1035 2786 1181 2817 fatimite
1204 2783 1568 2816 nahem-Biamnllah

1674 1000 1741 1028 1010
