1908 3256
265 267 313 303 32
780 274 966 300 AnEMAnl
998 273 1238 299 CHRONICON

266 382 344 420 qua
365 381 485 405 causa
508 381 527 404 a
548 375 687 404 sancto
721 366 939 407 Germano,
959 366 1211 403 Parisiorum
1233 365 1445 416 episcopo,
1486 364 1763 401 excommuni-

269 442 382 472 catus
400 441 474 471 est.
497 432 577 470 Sed
595 446 683 470 curn
701 446 770 470 rex
788 446 872 469 eam
890 432 1123 482 relinquere
1141 431 1280 475 nollet,
1299 443 1497 482 percussa
1516 428 1592 466 Dei
1608 427 1763 480 judicio

269 507 519 537 mortuaest.
558 499 620 539 Eo
649 508 848 555 tempore
878 499 1064 540 Sanctus
1101 496 1361 556 Gregorius,
1400 494 1764 551 archiepiscopus

269 570 565 621 Turonensis,
604 569 774 630 magnis
808 569 1045 610 virtutibus
1078 568 1288 627 fulgebat.
1321 568 1406 609 Per
1444 567 1561 608 idem
1588 575 1764 624 tempus

272 651 446 683 sanctus
484 644 745 692 Germanus,
796 641 1067 682 Parisiorum
1109 639 1361 697 episcopus,
1406 638 1565 680 missus
1600 654 1622 679 a
1659 653 1764 698 rege

271 713 534 755 Chariberto
587 713 858 772 Egolismam
914 711 1163 762 civitatem,
1214 710 1489 752 consecravit
1537 709 1765 751 basilicam

274 785 422 826 Sancti
446 784 672 842 Eparchii,
692 784 767 826 ubi
790 784 884 841 ipse
908 800 1049 840 nuper
1079 783 1277 840 sepultus
1300 782 1441 824 fuerat
1461 799 1469 833 ;
1507 780 1646 823 adfuit
1667 797 1766 822 cum

272 874 322 897 eo
353 856 618 897 venerabilis
648 855 909 916 Gregorius,
937 855 1173 912 episcopus
1204 854 1493 905 Turonensis,
1529 862 1572 895 et
1599 853 1644 894 in
1671 852 1766 910 ipsa

273 928 454 968 basilica
478 927 610 969 inulta
634 927 820 985 pignora
858 926 1145 984 reliquiarum
1187 926 1305 968 beati
1345 926 1526 968 Martini
1567 923 1767 982 episcopi

273 999 557 1049 collocantes,
584 999 899 1040 dedicaverunt
940 1015 1033 1040 cam
1072 998 1115 1039 in
1157 998 1355 1055 ejusdem
1406 997 1546 1040 sancti
1585 995 1768 1038 Martini

275 1071 461 1112 honore.
481 1071 700 1128 Denique,
726 1071 769 1112 in
793 1071 929 1112 altare
953 1070 1108 1127 ipsius,
1135 1071 1188 1111 al)
1212 1070 1367 1112 eodem
1397 1079 1548 1111 sancto
1589 1071 1768 1111 Germa-

270 1159 325 1184 no
350 1152 478 1200 atque
504 1151 654 1184 sancto
679 1143 897 1202 Gregorio
921 1151 1196 1194 consecrato,
1224 1151 1372 1184 sancte
1410 1141 1564 1184 Crucis
1587 1149 1768 1182 actenus

270 1223 485 1270 apparent
508 1213 722 1270 impressa
741 1213 982 1273 signacula.
1010 1215 1135 1263 Item,
1174 1213 1219 1254 in
1253 1214 1423 1255 honore
1471 1211 1611 1254 sancti
1644 1210 1767 1253 Petri

270 1294 639 1326 consecraverunt
663 1284 895 1326 ecclesiam
928 1285 1044 1326 sedis
1068 1284 1327 1342 epicopalis,
1366 1301 1495 1343 quam
1520 1283 1766 1326 Clodoveus

270 1372 346 1397 rex
369 1356 650 1413 supradictus
668 1373 689 1398 a
712 1373 822 1398 novo
840 1356 1230 1414 incoarijusserat,
1251 1357 1477 1398 destructa
1492 1355 1763 1414 priorisede‚

271 1444 399 1485 quam
424 1428 558 1469 Gothi
581 1428 756 1469 arriana
779 1428 1071 1470 maculatione
1095 1428 1365 1480 fedaverant,
1385 1428 1430 1470 in
1446 1429 1615 1470 honore
1627 1425 1767 1469 sancti

273 1499 516 1541 Saturnini.
545 1500 961 1558 Ordinaveruntque
986 1500 1029 1541 in
1064 1500 1160 1558 ipsa
1189 1500 1364 1542 civitate
1395 1500 1653 1558 episcopum
1692 1514 1766 1540 no·

273 1570 388 1611 mine
422 1571 708 1623 Mererium¹‚
736 1572 811 1629 qui
853 1572 896 1613 in
919 1571 1106 1614 Francia
1146 1572 1399 1630 capellanus
1440 1571 1559 1632 regis
1607 1570 1763 1613 fuerat.

271 1642 488 1699 Aptonius
518 1643 633 1684 enim
657 1643 912 1701 nuperrime
936 1644 1109 1686 obierat
1136 1644 1181 1686 in
1205 1644 1400 1686 Christo.
1426 1649 1439 1666 θ
1471 1641 1476 1644 ’

324 1716 386 1752 30.
410 1737 461 1742 -
482 1714 572 1753 Non
591 1724 685 1767 post
707 1716 873 1753 multum
895 1725 1056 1768 tempus
1091 1729 1162 1754 rex
1195 1716 1462 1755 Charibertus
1485 1725 1669 1755 mortuus
1707 1722 1768 1754 est

273 1779 412 1818 Blavia
430 1781 611 1826 castello,
637 1790 674 1818 et
705 1781 745 1818 in
768 1782 937 1819 basilica
960 1782 1096 1820 Sancti
1130 1782 1301 1820 Romani
1337 1782 1537 1834 sepultus.
1583 1781 1768 1833 Cumque

275 1844 513 1898 Sigebertus
533 1859 604 1884 rex
624 1847 782 1885 videret
805 1849 914 1899 quod
938 1848 1083 1886 fratres
1104 1846 1190 1900 ejus
1225 1848 1416 1899 indignas
1437 1848 1515 1885 sibi
1538 1847 1771 1899 acciperent

275 1925 422 1949 uxores
461 1921 497 1950 et
519 1912 686 1950 ancillas
719 1914 767 1950 ad
790 1912 1022 1965 conjugium
1059 1913 1313 1965 copularent,
1349 1913 1593 1966 legationem
1614 1913 1655 1951 in
1679 1912 1771 1950 His-

277 1978 437 2028 paniam
462 1978 582 2016 mittit
602 1987 638 2016 et
661 1992 749 2016 cun]
771 1979 907 2017 inultis
928 1980 1165 2018 muneribus
1188 1979 1512 2026 Brunichildem‚
1537 1978 1771 2031 Atanagildi

276 2043 386 2095 regis
411 2043 550 2089 filiam,
584 2044 721 2095 peciit.
748 2044 846 2083 Erat
878 2045 983 2082 enin]
1016 2045 1152 2097 puella
1181 2045 1346 2097 elegans
1375 2059 1499 2097 opere
1530 2044 1702 2097 pulchra
1735 2052 1774 2082 et

278 2108 508 2160 ingeniosa,
549 2123 666 2161 quain
708 2119 823 2161 pater
862 2109 948 2163 ejus
976 2125 1056 2149 non
1077 2113 1284 2163 denegans
1301 2110 1326 2157 f,
1367 2125 1456 2149 cuin
1495 2111 1652 2163 magnis
1689 2109 1772 2148 the-

279 2174 412 2211 sauris
452 2174 511 2211 illi
563 2175 706 2213 direxit
724 2184 755 2212 g·
801 2176 871 2214 Ille
910 2191 999 2214 cum
1050 2191 1195 2229 magno
1247 2186 1443 2229 apparatu
1489 2185 1528 2215 et
1575 2177 1773 2214 immenso

282 2240 432 2291 gaudio
458 2254 543 2277 ean]
567 2241 721 2293 accepit
743 2255 923 2279 uxorein.
943 2242 994 2281 Et
1016 2243 1110 2294 quia
1132 2243 1314 2281 arrianae
1341 2243 1421 2295 legi
1438 2241 1454 2264 *¹
1473 2240 1656 2294 subjecta
1672 2250 1771 2287 erat,

284 2319 370 2342 eam
395 2305 637 2357 Sigebertus
660 2320 731 2345 rex
752 2308 791 2345 in
811 2309 973 2346 nomine
996 2317 1133 2347 sancte
1167 2308 1378 2346 Trinitatis
1400 2308 1600 2360 baptizari
1629 2321 1774 2360 prece-

286 2371 358 2421 pit.
393 2371 500 2410 Haec
534 2373 676 2411 videns
713 2373 986 2426 Chilpericus‚
1021 2389 1109 2413 cum
1126 2373 1209 2427 jam
1243 2375 1382 2427 plures
1413 2374 1579 2412 haberet
1607 2387 1772 2419 uxores,

327 2515 375 2555 ρ’)
405 2514 499 2545 Cette
533 2515 688 2546 derniere
718 2516 845 2556 phrase
884 2517 977 2547 deest
1003 2518 1040 2553 E,
1069 2519 1104 2553 F,
1134 2518 1173 2549 G.
1210 2520 1254 2549 Ce
1274 2528 1425 2560 passage
1457 2516 1609 2560 original
1631 2527 1778 2558 manque

283 2556 371 2585 dans
387 2556 467 2599 C5—
481 2559 503 2597 l)
519 2559 666 2597 Malusne
680 2558 798 2598 depuis
819 2559 960 2600 elegans
974 2558 1114 2600 J'usqu'ci
1130 2560 1306 2601 denegans
1321 2560 1360 2597 D,
1376 2560 1413 2596 E,
1437 2559 1472 2596 F,
1490 2559 1575 2591 G.—
1589 2559 1623 2601 g)
1645 2558 1777 2590 directa
1791 2594 1794 2598 ¹

284 2602 337 2627 est
353 2598 388 2632 F,
406 2599 444 2628 G.
468 2616 508 2620 ——
528 2598 562 2638 h)
588 2599 735 2629 Arriana
755 2600 830 2641 lege
845 2602 882 2637 A,
900 2601 986 2637 D,E.

328 2789 360 2820 ¹1.
391 2789 556 2830 Gregoire
572 2790 612 2820 de
634 2791 756 2827 Tours,
779 2792 941 2833 l'appelle
962 2793 1201 2824 Mal-acharius
1223 2794 1274 2835 (V,
1297 2795 1360 2836 37).
