1908 3256
648 287 764 312 Lmen
795 287 970 312 Tnnrms
1485 282 1555 318 175

132 378 204 421 52.
234 402 292 410 —
319 377 396 419 His
425 377 580 419 diebus
609 378 653 419 in
682 380 938 429 parasceve,
976 390 1075 437 post
1108 397 1282 425 crucem
1317 385 1555 438 adoratam,

74 449 213 491 Roma
242 457 386 490 terrae
410 458 529 490 motu
558 458 600 490 et
628 449 764 491 nimio
796 452 972 492 turbine
1002 453 1248 508 periclitata
1272 465 1351 497 est.
1388 458 1441 499 Et
1463 475 1561 499 con-

74 519 217 561 festim
240 520 418 578 quidam
453 520 717 562 Judaeorum
746 521 963 564 intimavit
991 523 1152 565 domno
1188 542 1340 582 papae,
1379 529 1478 584 quia
1508 546 1554 571 ea

74 590 183 631 hora
216 589 486 632 deludebant
533 607 781 650 synagogae
825 592 1087 634 Judeorum⁰
1116 595 1323 636 Crucifixi
1359 597 1541 657 figuram

76 663 204 716 Quod
241 662 537 704 Benedictus¹
569 663 757 705 sollicite
796 663 1025 720 inquirens
1054 674 1096 706 et
1138 668 1432 723 comperiens,
1465 686 1563 711 mox

75 744 277 777 auctores
306 734 487 776 sceleris
510 734 687 792 capitali
711 735 930 777 sententia
946 735 1213 793 dampnavit.
1235 739 1404 792 Quibus
1420 740 1562 783 decol-

74 806 190 859 latis,
217 807 337 849 furor
360 815 591 869 ventorum
626 806 827 848 cessavit.
860 808 956 860 Quo
987 817 1187 866 tempore
1212 811 1353 870 I‘Iug0‚
1379 813 1563 869 capella-

73 893 155 919 nus
176 877 388 920 Aimerici
408 877 681 920 vicecomitis
703 878 1069 930 Rocacardensis,
1094 897 1191 922 cum
1215 882 1367 923 eodem
1391 884 1564 926 seniore

74 966 152 991 suo
175 950 391 991 Tholosae
411 949 455 991 in
478 950 647 991 Pascha
665 949 819 1001 adfuit,
846 959 889 991 et
910 950 1143 1008 colaphum
1167 953 1319 1004 Judeo,
1344 954 1455 996 sicut
1473 956 1562 997 illic

73 1021 194 1063 omni
221 1022 391 1063 Pascha
413 1038 589 1078 semper
613 1021 748 1063 moris
772 1031 852 1073 est,
879 1022 1106 1079 imposuit,
1133 1033 1175 1065 et
1200 1026 1430 1067 cerebrum
1462 1027 1563 1068 ilico

75 1103 118 1136 et
138 1094 290 1136 oculos
313 1111 366 1136 ex
393 1094 536 1151 capite
554 1094 724 1151 perfido
748 1095 801 1135 ad
822 1104 986 1136 terram
1010 1095 1186 1147 effudit;
1213 1106 1255 1138 et
1283 1098 1427 1139 statim
1453 1116 1564 1141 mor-

72 1175 190 1218 tuus,
220 1183 243 1208 a
265 1166 477 1227 sinagoga
499 1165 738 1208 Judeorum
768 1166 820 1208 de
850 1167 1030 1208 basilica
1064 1168 1214 1209 Sancti
1239 1170 1453 1226 Stephani
1476 1171 1565 1212 ela-

73 1246 159 1289 tus,
186 1238 438 1295 sepulturae
464 1238 590 1279 datus
614 1247 679 1280 est
696 1238 724 1279 ².
753 1239 848 1291 Quo
864 1247 1064 1296 tempore
1090 1240 1400 1282 Cordubenses
1423 1242 1565 1284 Mauri

74 1325 153 1366 per
191 1326 309 1351 mare
339 1309 557 1352 Gallicum
587 1309 733 1351 subito
762 1326 859 1351 cum
896 1311 1029 1351 multa
1058 1310 1187 1352 classi
1215 1313 1444 1354 Narbonae
1486 1330 1565 1370 per

74 1390 248 1423 noctem
268 1381 552 1439 appulerunt,
574 1390 616 1422 et
636 1397 806 1422 summo
825 1381 1020 1423 diluculo
1043 1398 1140 1423 cum
1164 1383 1295 1423 armis
1311 1383 1352 1424 in
1376 1384 1562 1426 circuitu

73 1453 262 1496 civitatis
286 1469 381 1495 sese
396 1453 670 1504 effuderunt3
697 1462 739 1494 et
761 1453 874 1494 sicut
896 1453 982 1510 ipsi
1004 1453 1132 1494 nobis
1162 1454 1446 1502 retulerunts,
1473 1472 1563 1497 sor-

71 1525 275 1585 tilegium
297 1541 449 1567 eorum
481 1525 544 1566 eis
579 1524 844 1581 promiserat
871 1541 1084 1581 prospere
1115 1534 1289 1567 acturos
1325 1535 1367 1567 et
1399 1528 1562 1568 Narbo-

71 1613 171 1638 nam
199 1606 422 1654 capturos.
447 1596 502 1638 At
519 1596 762 1637 Christiani
778 1596 1033 1654 quantotius
1055 1612 1215 1653 corpus
1239 1606 1279 1638 et
1303 1598 1561 1657 sanguinem

70 1669 192 1711 Deia
213 1668 519 1710 sacerdotibus
543 1667 814 1724 accipientes
838 1668 1288 1719 communicaverunt,
1316 1678 1358 1710 ct
1380 1686 1562 1726 praepa-

70 1749 218 1782 rantes
242 1757 286 1782 se
306 1740 360 1781 ad
388 1748 591 1790 mortem,
618 1739 735 1780 bello
758 1738 1014 1780 invaserunt
1037 1741 1321 1790 Sarracenos,
1353 1749 1394 1781 et
1425 1741 1563 1782 victo-

70 1812 135 1854 ria
156 1812 286 1870 potiti
309 1821 427 1863 sunt,
453 1827 695 1868 omnesque
725 1820 797 1852 aut
821 1820 961 1852 morte
993 1820 1063 1852 aut
1086 1811 1342 1868 captivitate
1366 1828 1462 1853 cum
1486 1829 1563 1853 na-

69 1884 195 1926 vibus
223 1893 266 1926 et
297 1883 446 1925 multis
478 1882 633 1940 spoliis
669 1898 821 1923 eorum
856 1882 1152 1934 retinuerunt,
1187 1891 1230 1924 et
1263 1883 1457 1940 captivos
1491 1893 1564 1925 aut

69 1955 366 1997 vendiderunt
392 1964 465 1997 aut
487 1954 653 1996 servire
674 1953 892 2005 fecerunt,
919 1963 962 1995 et
985 1956 1149 1996 Sancto
1178 1954 1377 1996 Marciali
1400 1956 1562 1996 Lemo-

67 2027 187 2069 vicae
215 2027 374 2087 viginti
407 2027 589 2068 Mauros
618 2042 805 2083 corpore
841 2042 1045 2067 enormes
1072 2025 1416 2067 transmiserunt
1445 2026 1560 2067 dono

69 2099 281 2141 muneris.
307 2100 372 2140 Ex
398 2098 559 2156 quibus
582 2098 717 2139 abbas
735 2097 971 2140 Gosfridus
994 2097 1102 2139 duos
1138 2097 1322 2139 retinuit
1355 2097 1399 2138 in
1428 2098 1560 2139 servi-

66 2179 176 2223 tute,
202 2180 374 2212 ceteros
393 2170 543 2212 divisit
570 2187 649 2229 per
672 2169 901 2227 principes
923 2169 1203 2229 peregrinos,
1236 2169 1310 2226 qui
1343 2169 1396 2210 de
1428 2169 1560 2225 parti-

68 2243 148 2284 bus
168 2242 356 2285 diversis
378 2243 654 2285 Lemovicam
671 2250 984 2283 convenerant.
1010 2240 1203 2298 Loquela
1226 2256 1376 2282 corum
1400 2257 1561 2298 nequa-

67 2330 197 2371 quam
231 2324 325 2356 erat
366 2314 692 2366 sarracenisca,
742 2313 820 2354 sed
865 2329 986 2355 more
1021 2312 1266 2354 catulorum
1304 2312 1555 2369 loquenteS‚

68 2385 226 2444 glatire
244 2385 524 2428 videbantur.

107 2499 137 2542 e)
158 2499 199 2530 de
222 2500 340 2531 schola
355 2499 480 2532 Grecia
501 2499 583 2531 add.
600 2499 636 2530 C.
659 2516 697 2523 -
719 2499 744 2540 s)
758 2502 880 2540 postea
901 2497 1030 2539 captivi
1053 2497 1137 2529 add.
1169 2496 1207 2528 C.

105 2663 277 2735 {lignsgii
290 2662 517 2735 εξεξιῐξιὶῐΐῶυὲ
541 2713 606 2744 par
630 2703 782 2733 d'autres
809 2700 997 2732 historiens
1027 2701 1045 2729 a
1070 2699 1197 2731 Aimeri
1230 2698 1272 2728 de
1303 2698 1561 2729 Rocherhounrt

62 2746 246 2777 lui-meme
267 2750 300 2777 et
318 2757 385 2776 non
408 2747 428 2775 a
442 2756 507 2775 son
527 2744 726 2785 chapelain,
752 2747 786 2774 ct
802 2744 969 2785 rapporte
990 2743 1009 2771 ἐι
1042 2741 1110 2772 l⁷an
1132 2742 1212 2771 1002
1234 2741 1297 2780 «Jf.
1320 2744 1381 2771 Art
1408 2740 1450 2769 de
1475 2739 1561 2769 veri-

62 2787 127 2827 fier
149 2787 196 2818 les
214 2788 324 2824 dates,
347 2792 374 2818 t.
390 2788 434 2824 11,
456 2798 495 2828 p.
508 2787 594 2827 293).
