1908 3256
114 1783 181 1811 1010

296 298 368 331 108
811 305 996 330 Anmmul
1028 304 1269 329 CHHONJCON

293 413 460 438 marum
502 395 911 455 E11golis1ncnse1n⁵
947 394 1226 445 monachum,
1269 394 1344 451 qui
1391 395 1497 435 haec
1546 394 1727 452 scripsit
1757 395 1785 435 ¹.

292 468 475 511 Vix-onte
528 467 645 509 enim
698 466 953 524 supradicto
987 465 1205 516 Ainardo,
1254 467 1421 507 abbas²
1478 467 1637 507 Petrus
1690 482 1783 508 rem

292 540 514 598 publicam
537 539 702 596 optime
726 537 1081 588 amministravit,
1109 547 1151 578 et
1173 537 1345 578 invidos
1375 553 1476 578 suae
1500 537 1667 597 gloriae
1685 554 1786 579 con-

293 612 471 670 pressit.
508 613 615 653 Nam
650 627 700 651 co
734 612 898 652 Romae
936 620 1126 660 mortuo,
1171 619 1213 651 et
1240 609 1490 652 Raimundo
1526 609 1660 652 fratre
1690 611 1785 668 ejus

293 683 612 726 llicrosolimae
635 682 860 732 defuncto,
880 691 922 723 et
944 681 1130 723 Abbone
1159 681 1417 723 infirmitate
1442 691 1636 741 gravato,
1663 682 1786 724 incli-

292 766 361 798 tus
389 758 565 805 Petrus,
597 755 820 796 neminem
849 754 1026 796 fidelem
1049 753 1353 795 consiliarium
1385 754 1570 805 habens,
1608 754 1711 796 dum
1734 754 1788 796 ad

293 845 418 871 suum
442 838 607 870 temere
643 826 745 868 facit
767 826 1003 868 arbitrium
1026 825 1189 877 omnia,
1216 835 1259 868 et
1292 826 1408 868 inter
1443 842 1544 867 suos
1571 826 1789 868 terribilis

296 909 340 942 ut
373 900 442 941 leo
475 899 664 949 videtur,
700 907 892 939 castrum
927 897 1158 955 proprium
1194 898 1582 939 Mortemarense‘2
1611 914 1792 940 concre-

294 980 396 1021 mat,
428 970 762 1012 contradicente
786 969 973 1011 consilio
996 985 1193 1020 suorum,
1232 979 1274 1011 et
1300 970 1432 1026 hujus
1460 969 1526 1010 rei
1555 969 1788 1011 occasione

294 1042 559 1100 propinquis
582 1043 676 1098 ejus
700 1051 742 1083 et
768 1041 1049 1099 principibus
1085 1041 1419 1083 marchionibus
1442 1058 1541 1083 cum
1564 1041 1793 1083 Bernardo

293 1114 453 1156 comite
478 1124 519 1155 et
541 1114 780 1160 VVillelmo
804 1113 931 1165 duce,
952 1113 1078 1171 quasi
1099 1113 1372 1155 tirannidem
1395 1122 1717 1170 praesumeret,
1748 1113 1793 1154 in

549 1186 773 1237 (rentibus,
797 1185 1010 1243 paulatim
1033 1202 1086 1227 ex
1108 1195 1327 1243 potestate
1352 1186 1658 1227 marchionum
1682 1187 1793 1243 ejec-

547 1222 572 1246 t>

292 1268 362 1300 tus
385 1267 466 1299 est.
500 1258 584 1311 Qui
607 1274 629 1299 a
652 1257 949 1299 Hierosolima
983 1274 1206 1309 reversus,
1239 1257 1283 1298 in
1307 1257 1489 1299 basilica
1519 1257 1671 1299 Sancti
1700 1259 1795 1300 Ste-

294 1203 392 1228 eum
415 1186 540 1227 insur

294 1330 428 1388 phani
462 1330 719 1372 Lemovicae
762 1330 880 1372 sedis
921 1329 1161 1387 pristinu-m
1202 1330 1418 1371 honorem
1459 1329 1709 1381 continens,
1753 1339 1796 1371 et

294 1401 583 1443 ecclesiarum
606 1410 649 1443 et
663 1401 867 1443 villarum
890 1401 1026 1442 multa
1049 1400 1333 1458 possessione
1363 1417 1416 1442 ex
1434 1410 1620 1458 paterna
1642 1399 1793 1441 fruens

293 1473 558 1524 hereditate,
588 1483 630 1515 et
654 1489 838 1534 magnae
874 1482 1074 1514 catervae
1108 1472 1314 1523 militum,
1347 1472 1423 1530 qui
1458 1473 1552 1529 ejus
1575 1471 1792 1513 beneficia

293 1546 473 1595 habent,
500 1545 742 1602 imperans,
769 1562 791 1587 a
811 1545 928 1587 curis
953 1545 1229 1586 secularibus
1253 1561 1411 1605 magna
1446 1561 1498 1586 ex
1519 1553 1643 1602 parte
1673 1560 1791 1585 erec-

292 1626 379 1667 tus,
412 1627 453 1658 et
475 1617 660 1659 liberius
682 1620 776 1660 Deo
795 1627 935 1669 vocat,
963 1627 1005 1659 et
1027 1617 1185 1674 majori
1208 1633 1338 1675 quam
1366 1626 1466 1658 ante
1493 1616 1730 1658 securitate
1754 1625 1797 1658 et

298 1689 437 1748 gloria
461 1689 645 1746 polletss.
1500 1677 1502 1680 ‚

982 1778 1065 1803 (rna
1098 1762 1143 1803 in
1177 1761 1325 1812 astris,
1363 1760 1585 1802 siccitates
1618 1759 1792 1811 noxiae,

981 1798 1005 1822 ο

298 1833 458 1874 nimiae
482 1833 671 1890 pluviae,
698 1833 858 1874 nimiae
882 1843 1047 1890 pestes,
1074 1842 1116 1875 et
1150 1833 1436 1893 gravissimae
1472 1832 1624 1883 sameS,
1651 1831 1795 1873 defec-

358 1761 427 1805 46.
452 1787 510 1793 —-
531 1762 608 1803 His
629 1761 907 1819 temporibus
939 1761 974 1803 si

295 1904 440 1946 tlones
464 1905 625 1946 multae
650 1905 755 1946 solis
785 1914 827 1946 et
854 1905 983 1946 lunae
1007 1914 1325 1962 apparuerunt,
1360 1913 1402 1946 et
1422 1903 1683 1947 Vinzenna⁴
1711 1902 1794 1944 flu-

296 1975 390 2017 vius
425 1992 503 2032 per
536 1986 627 2017 tres
662 1985 815 2017 noctes
863 1976 977 2018 aruit
1017 1976 1274 2018 Lemovicae
1316 1992 1396 2033 per
1436 1975 1522 2017 duo
1561 1974 1699 2016 milia.
1739 1975 1796 2016 Et

297 2047 577 2104 supradictus
613 2048 854 2089 monachus
889 2048 1151 2099 Ademarus,
1196 2048 1271 2106 qui
1314 2058 1418 2090 tunc
1447 2063 1545 2088 cum
1574 2047 1791 2088 avunculo

296 2136 373 2160 suo
395 2119 550 2160 inclito
571 2119 786 2179 Rotgerio
809 2120 1063 2161 Lemovicas
1080 2120 1271 2179 degebat
1287 2120 1332 2161 in
1349 2118 1618 2161 monasterio
1638 2117 1791 2160 Sancti

294 2190 532 2241 Marcialis,
565 2200 850 2247 experrectus
874 2191 918 2232 in
952 2201 1170 2248 tempesta
1193 2191 1352 2241 noctis,
1391 2191 1494 2232 dum
1529 2189 1636 2231 soris
1674 2198 1790 2231 astra

295 2261 557 2319 suspiceret,
582 2262 693 2303 vidit
714 2262 758 2303 in
781 2272 978 2304 austrum
1000 2263 1045 2304 in
1067 2264 1302 2305 altitudine
1336 2263 1420 2304 celi
1455 2278 1662 2322 magnum
1691 2277 1787 2303 cru-

335 2401 363 2439 s)
385 2400 648 2440 Engolismensc
669 2402 707 2432 Α.
730 2419 769 2423 -
793 2402 819 2440 t)
847 2400 986 2431 abbatis
1018 2402 1055 2431 A.

333 2607 362 2637 1.
383 2606 479 2635 Voici
508 2606 538 2635 le
576 2607 713 2636 sameux
744 2617 898 2647 passage
919 2608 963 2636 οὺ
985 2607 1135 2637 Ade'mar
1158 2608 1270 2638 donne
1291 2607 1350 2638 des
1384 2606 1686 2648 renseignements
1726 2616 1786 2636 sur
1810 2633 1812 2637 ,

290 2659 329 2678 sa
347 2648 490 2678 samille.
515 2648 552 2679 V.
571 2652 668 2678 notre
685 2650 837 2688 pre'face.

331 2691 360 2720 2.
380 2690 599 2724 Mortemart,
623 2701 652 2720 c.
673 2690 713 2719 de
734 2690 909 2725 Memfi-re&
927 2701 997 2720 arr.
1015 2690 1056 2720 de
1078 2691 1195 2721 Bellac
1223 2690 1529 2731 (flaute-Vienne).

330 2733 360 2761 3.
382 2732 429 2761 La
450 2732 528 2761 date
544 2732 584 2761 de
610 2743 648 2761 sa
667 2737 757 2763 mort
772 2736 825 2762 est
844 2731 1027 2763 inconnue.
1051 2733 1142 2763 Tous
1165 2744 1220 2763 ces
1243 2733 1324 2764 faits
1352 2744 1394 2764 ne
1416 2737 1495 2763 sont
1514 2733 1701 2774 rapportes
1722 2741 1792 2771 que

289 2783 355 2813 par·
370 2774 534 2804 Adi-amar.

332 2815 362 2845 4.
386 2815 433 2844 La
454 2815 594 2846 vienne.
