1908 3256
187 2126 223 2152 04

190 2526 225 2552 66

191 2663 226 2690 00

332 277 409 313 20ss
857 288 1042 312 Ani-:mmm
1075 287 1316 312 cnnomcox

333 378 527 415 ccclesias
568 387 731 429 praeter
772 377 1120 415 Betlileemiticam
1155 377 1222 414 ubi
1260 376 1449 414 Clu-istus
1473 385 1590 414 natus
1613 385 1689 424 est,
1715 390 1838 428 quam

333 443 545 480 Sarraceni
569 444 700 481 conati
717 445 946 489 destruere,
971 444 1106 481 subito
1129 443 1262 480 omnis
1286 443 1501 480 multitudo
1522 456 1662 480 eorum
1684 445 1732 480 ab
1763 457 1836 480 an-

331 510 423 560 gelo
457 510 642 561 percussi
674 518 918 547 corruerunt
941 510 1118 555 mortui3
1157 518 1194 546 et
1223 510 1347 546 fames
1377 522 1537 546 omnem
1568 518 1719 546 terram
1743 509 1842 547 Sar—

332 589 570 613 racenorum
607 576 658 613 ita
695 576 855 613 subruit
876 584 914 613 et
947 589 1088 612 omnes
1118 575 1289 626 peremit
1328 575 1463 621 morti,
1495 583 1538 612 ut
1567 575 1635 612 vix
1674 583 1838 612 eentum

331 642 570 679 viderentur
585 643 756 679 evadere
778 642 858 679 vivi
873 656 920 679 cx
937 641 1054 692 ipsis.
1077 641 1189 678 Tunc
1212 640 1369 678 Arabes
1388 650 1679 692 superterram
1696 654 1837 678 eorum

331 708 507 753 irruunt,
532 708 655 759 etqui
676 716 955 744 remanserant
977 721 997 743 a
1017 708 1132 751 same,
1169 707 1317 758 gladiis
1346 707 1569 754 trucidant,
1590 716 1628 745 et
1650 706 1838 745 Admira-

332 782 430 815 111111,
468 774 699 811 visceribus
740 774 947 818 extractis,
985 773 1024 810 in
1066 787 1174 810 mare
1213 774 1503 810 demerserunt
1536 787 1626 810 cum
1649 773 1835 825 plumbo.

333 839 446 876 Τ11110
461 839 694 890 incoeptum
718 849 777 876 est
798 839 1023 877 reedificari
1047 838 1311 890 sepulchrum
1332 839 1515 877 Domini.

400 911 470 947 llis
492 911 637 947 diebus
674 911 713 947 in
755 911 980 948 Parasceve
1013 918 1107 961 post
1142 923 1302 947 crucem
1338 911 1544 948 adoratam
1575 924 1706 962 usque
1747 912 1842 948 sab-

334 977 423 1014 bate
455 986 595 1014 sancto
623 977 730 1014 circa
760 990 990 1027 vesperam,
1023 989 1223 1013 concussa
1259 984 1320 1013 est
1344 976 1475 1013 Roma
1509 990 1531 1013 a
1557 976 1596 1014 vi
1626 985 1841 1014 ventorum

333 1052 370 1079 ct
392 1057 494 1093 pene
518 1057 660 1080 omnes
681 1043 854 1079 Romani
878 1042 1026 1079 mortui
1051 1051 1144 1079 sunt
1167 1051 1246 1080 tam
1283 1042 1511 1079 Christiani
1547 1055 1666 1093 quam
1708 1041 1842 1087 Judei,

333 1117 370 1146 et
399 1109 561 1159 quidam
581 1108 734 1145 Judeus
770 1108 1021 1146 Christianis
1054 1108 1268 1153 intimavit,
1295 1108 1389 1159 quia
1414 1108 1455 1144 in
1478 1108 1706 1145 Parasceve
1727 1107 1841 1145 sino-

333 1189 438 1226 goga
454 1174 917 1225 Judeorum‘imaginem
937 1174 1094 1211 Christi
1118 1174 1373 1220 deluserunt,
1392 1174 1496 1212 sicut
1513 1175 1691 1211 fecerant
1707 1173 1845 1211 Domi-

332 1255 425 1278 num
447 1250 637 1292 parentes
662 1255 818 1286 eorum,
850 1241 960 1291 quod
992 1240 1243 1278 Benedictus
1276 1254 1382 1292 papa
1422 1240 1598 1278 sollicite
1629 1240 1844 1291 inquirens

334 1315 371 1344 et
393 1308 591 1358 probans,
636 1321 727 1344 mox
748 1306 902 1344 Judeos
923 1306 992 1357 qui
1015 1305 1091 1343 lioc
1115 1315 1282 1358 egerant
1308 1305 1429 1357 jussit
1451 1306 1675 1354 decollare,
1694 1306 1843 1357 quibus

338 1373 551 1411 decollatis
575 1381 843 1411 cessaverunt
860 1373 986 1411 venti.

395 1445 455 1483 Eo
489 1454 673 1497 tempore
707 1447 845 1483 decem
879 1460 927 1483 ex
969 1445 1176 1483 canonicis
1214 1445 1384 1483 Sanctae
1425 1445 1570 1483 Crucis
1609 1444 1844 1482 Aurelianis

337 1511 499 1561 probati
523 1520 617 1548 sunt
640 1524 730 1548 esse
753 1511 972 1557 Maniehei,
998 1525 1102 1562 quos
1143 1525 1214 1548 rex
1238 1511 1477 1554 Rotbertus,
1505 1524 1593 1548 cum
1616 1510 1772 1548 nollent
1795 1509 1845 1547 ad

339 1576 577 1614 catholicam
613 1577 795 1614 converti
834 1577 969 1623 fidem,
1009 1577 1103 1628 igne
1145 1590 1327 1614 cremare
1363 1575 1491 1628 jussit
1524 1592 1533 1622 ;
1569 1575 1692 1613 simili
1725 1576 1845 1613 modo

339 1645 448 1695 apud
471 1644 661 1682 Tolosam
691 1644 845 1681 inventi
878 1652 973 1681 sunt
1006 1643 1209 1681 Manichei
1245 1653 1282 1681 et
1313 1644 1395 1695 ipsi
1423 1644 1517 1695 igne
1545 1642 1711 1680 cremati
1733 1650 1842 1687 sunt,

341 1719 379 1747 et
411 1724 485 1761 per
516 1710 700 1748 diversas
743 1710 968 1748 occidentis
1002 1719 1140 1761 partes
1176 1710 1379 1747 Manichei
1420 1710 1550 1748 exorti
1572 1723 1647 1761 per
1680 1708 1847 1747 latibula

345 1789 436 1813 sese
459 1776 663 1814 occultare
686 1785 926 1827 coeperunt,
947 1776 1201 1827 decipientes
1225 1789 1506 1827 quoscumque
1527 1784 1731 1826 poterant.

401 1846 477 1884 His
512 1847 768 1899 temporibus
806 1856 984 1885 cometes
1021 1847 1132 1885 velut
1172 1848 1283 1885 ensis
1325 1847 1428 1884 latus
1464 1855 1502 1884 et
1535 1846 1712 1898 longior,
1746 1860 1845 1885 con-

344 1921 406 1950 tra
440 1914 762 1964 septentrionem
799 1914 987 1965 apparuit
1015 1922 1053 1951 et
1084 1927 1160 1965 per
1193 1913 1346 1951 Gallias
1383 1927 1402 1951 e
1433 1912 1611 1964 vestigio
1643 1913 1844 1959 civitates,

343 1979 509 2016 castella
526 1988 564 2017 et
586 1979 834 2017 monasteria
855 1979 950 2030 igne
970 1987 1146 2016 cremata
1162 1988 1256 2016 sunt
1276 1979 1468 2030 plurima,
1496 1978 1603 2016 inter
1618 1992 1719 2030 quae
1743 1978 1846 2016 Car-

341 2047 473 2083 rofum
493 2045 650 2083 flamma
670 2060 766 2083 casu
789 2047 1044 2084 combustum
1066 2054 1127 2083 est
1148 2059 1237 2082 cum
1260 2045 1440 2083 basilica.

400 2112 512 2149 Tunc
557 2126 692 2149 comcs
736 2112 860 2149 Fulco
899 2111 1161 2163 supradictus
1194 2111 1288 2149 dolo
1322 2111 1566 2149 accersitum
1601 2124 1737 2149 secum
1773 2111 1846 2148 ad-

343 2178 458 2215 duxit
509 2177 733 2215 Sanctonas
779 2177 1015 2223 Arbertum,
1052 2177 1355 2215 nobilissimum
1399 2177 1586 2216 comitem
1613 2176 1846 2215 Cenoman-

341 2244 420 2289 nis;
444 2244 583 2295 igitur,
608 2244 740 2295 prima
775 2243 1112 2295 quadragesimae
1154 2243 1358 2281 dominica
1393 2252 1488 2295 post
1521 2256 1687 2281 coenam
1728 2250 1845 2280 nocte

342 2310 589 2361 intempesta
623 2323 712 2347 eum
746 2309 965 2347 traditione
1000 2309 1136 2360 eoepit
1167 2317 1205 2346 et
1244 2309 1285 2346 in
1318 2309 1494 2348 vinculis
1530 2323 1666 2347 secum
1685 2308 1846 2347 reduxit

344 2375 556 2427 tenuitque
579 2376 620 2413 in
643 2388 806 2413 carcere
833 2374 1015 2421 biennio,
1052 2376 1158 2412 unde
1187 2375 1348 2427 eripere
1367 2389 1456 2413 eum
1476 2375 1677 2413 Dominus
1699 2375 1846 2426 digna-

341 2450 405 2479 tus
428 2450 503 2478 est.

406 2512 601 2564 Sequenti
626 2527 746 2557 anno,
771 2521 944 2564 propter
965 2513 1098 2564 ipsum
1122 2513 1271 2559 scelus,
1289 2514 1499 2550 combusta
1514 2520 1576 2550 est
1595 2512 1684 2563 ipsa
1706 2511 1847 2550 civitas

355 2592 444 2616 cum
465 2580 560 2616 sede
583 2579 807 2630 episcopali
831 2588 869 2616 et
890 2579 958 2616 diu
981 2579 1129 2615 mansit
1150 2579 1313 2616 deserta
1334 2578 1516 2616 basilica.

406 2650 481 2688 His
544 2651 800 2702 temporibus
853 2650 1112 2698 Guillelmus,
1163 2651 1392 2688 vicecomes
1433 2649 1764 2695 Marfflliacensis,
1809 2658 1847 2687 et

352 2717 476 2753 frater
491 2715 577 2767 ejus
602 2716 821 2754 Odolricus
844 2717 884 2753 in
897 2716 1116 2754 traditione
1135 2725 1359 2768 coeperunt
1372 2717 1536 2753 fratrem
1549 2729 1688 2753 eorum
1705 2714 1846 2752 Aldui-

345 2795 438 2819 num
462 2782 644 2820 etot-ulis
677 2790 714 2819 et
736 2782 873 2834 lingua
896 2796 984 2819 eum
1019 2783 1313 2819 damnaverunt
1344 2790 1517 2833 propter
1545 2780 1845 2819 contentionem
