<?xml version="1.0" encoding="UTF-8"?>
<!DOCTYPE html PUBLIC "-//W3C//DTD XHTML 1.0 Transitional//EN"
    "http://www.w3.org/TR/xhtml1/DTD/xhtml1-transitional.dtd">
<html xmlns="http://www.w3.org/1999/xhtml" xml:lang="en" lang="en">
 <head>
  <title>
</title>
<meta http-equiv="Content-Type" content="text/html;charset=utf-8" />
  <meta name='ocr-system' content='tesseract 3.04.00' />
  <meta name='ocr-capabilities' content='ocr_page ocr_carea ocr_par ocr_line ocrx_word'/>
</head>
<body>
  <div class='ocr_page' id='page_1' title='image "./chronique00aduoft_0193.png"; bbox 0 0 1908 3256; ppageno 0'>
   <div class='ocr_carea' id='block_1_1' title="bbox 676 327 1577 363">
    <p class='ocr_par' dir='ltr' id='par_1_1' title="bbox 676 327 1577 363">
     <span class='ocr_line' id='line_1_1' title="bbox 676 327 1577 363; baseline 0.014 -13"><span class='ocrx_word' id='word_1_1' title='bbox 676 327 795 351; x_wconf 42' lang='lat'>111131311</span> <span class='ocrx_word' id='word_1_2' title='bbox 824 327 998 354; x_wconf 68' lang='lat' dir='ltr'>&#39;manus</span> <span class='ocrx_word' id='word_1_3' title='bbox 1508 329 1577 363; x_wconf 63' lang='lat'>1:51</span> 
     </span>
    </p>
   </div>
   <div class='ocr_carea' id='block_1_2' title="bbox 88 413 1583 930">
    <p class='ocr_par' dir='ltr' id='par_1_2' title="bbox 88 413 1583 863">
     <span class='ocr_line' id='line_1_2' title="bbox 92 413 1582 466; baseline 0.011 -16"><span class='ocrx_word' id='word_1_4' title='bbox 92 413 226 451; x_wconf 86' lang='lat' dir='ltr'>Finito</span> <span class='ocrx_word' id='word_1_5' title='bbox 248 413 318 451; x_wconf 92' lang='lat' dir='ltr'>illo</span> <span class='ocrx_word' id='word_1_6' title='bbox 340 422 556 461; x_wconf 88' lang='lat' dir='ltr'>conventu,</span> <span class='ocrx_word' id='word_1_7' title='bbox 579 414 815 453; x_wconf 89' lang='lat' dir='ltr'>Lotharium</span> <span class='ocrx_word' id='word_1_8' title='bbox 837 416 962 454; x_wconf 86' lang='lat' dir='ltr'>filium</span> <span class='ocrx_word' id='word_1_9' title='bbox 985 430 1101 456; x_wconf 91' lang='lat' dir='ltr'>suum</span> <span class='ocrx_word' id='word_1_10' title='bbox 1124 420 1164 458; x_wconf 92' lang='lat' dir='ltr'>in</span> <span class='ocrx_word' id='word_1_11' title='bbox 1187 420 1342 461; x_wconf 87' lang='lat' dir='ltr'>Italiam</span> <span class='ocrx_word' id='word_1_12' title='bbox 1372 425 1521 465; x_wconf 78' lang='lat' dir='ltr'>direxit</span> <span class='ocrx_word' id='word_1_13' title='bbox 1544 437 1582 466; x_wconf 87' lang='lat' dir='ltr'>et</span> 
     </span>
     <span class='ocr_line' id='line_1_3' title="bbox 90 478 1581 544; baseline 0.01 -28"><span class='ocrx_word' id='word_1_14' title='bbox 90 478 339 525; x_wconf 90' lang='lat' dir='ltr'>Benradum‚</span> <span class='ocrx_word' id='word_1_15' title='bbox 365 481 552 518; x_wconf 87' lang='lat' dir='ltr'>comitem</span> <span class='ocrx_word' id='word_1_16' title='bbox 575 481 820 528; x_wconf 87' lang='lat' dir='ltr'>Barcinone,</span> <span class='ocrx_word' id='word_1_17' title='bbox 846 482 914 534; x_wconf 89' lang='lat' dir='ltr'>qui</span> <span class='ocrx_word' id='word_1_18' title='bbox 934 491 1099 522; x_wconf 87' lang='lat' dir='ltr'>eatenus</span> <span class='ocrx_word' id='word_1_19' title='bbox 1130 485 1170 524; x_wconf 91' lang='lat' dir='ltr'>in</span> <span class='ocrx_word' id='word_1_20' title='bbox 1194 488 1359 527; x_wconf 81' lang='lat' dir='ltr'>Marcha</span> <span class='ocrx_word' id='word_1_21' title='bbox 1382 491 1581 544; x_wconf 87' lang='lat' dir='ltr'>Hispanie</span> 
     </span>
     <span class='ocr_line' id='line_1_4' title="bbox 88 544 1583 599; baseline 0.009 -16"><span class='ocrx_word' id='word_1_22' title='bbox 88 544 340 596; x_wconf 84' lang='lat' dir='ltr'>presidebat,</span> <span class='ocrx_word' id='word_1_23' title='bbox 366 547 630 585; x_wconf 83' lang='lat' dir='ltr'>camerarium</span> <span class='ocrx_word' id='word_1_24' title='bbox 646 547 686 584; x_wconf 90' lang='lat' dir='ltr'>in</span> <span class='ocrx_word' id='word_1_25' title='bbox 708 548 857 599; x_wconf 88' lang='lat' dir='ltr'>palatio</span> <span class='ocrx_word' id='word_1_26' title='bbox 881 562 954 586; x_wconf 90' lang='lat' dir='ltr'>suo</span> <span class='ocrx_word' id='word_1_27' title='bbox 973 551 1199 598; x_wconf 87' lang='lat' dir='ltr'>constituit,</span> <span class='ocrx_word' id='word_1_28' title='bbox 1224 561 1263 592; x_wconf 89' lang='lat' dir='ltr'>et</span> <span class='ocrx_word' id='word_1_29' title='bbox 1285 557 1440 594; x_wconf 86' lang='lat' dir='ltr'>cunetis</span> <span class='ocrx_word' id='word_1_30' title='bbox 1474 558 1513 595; x_wconf 89' lang='lat' dir='ltr'>in</span> <span class='ocrx_word' id='word_1_31' title='bbox 1537 572 1583 596; x_wconf 92' lang='lat' dir='ltr'>eo</span> 
     </span>
     <span class='ocr_line' id='line_1_5' title="bbox 88 610 1583 668; baseline 0.01 -21"><span class='ocrx_word' id='word_1_32' title='bbox 88 610 238 661; x_wconf 86' lang='lat' dir='ltr'>placito</span> <span class='ocrx_word' id='word_1_33' title='bbox 261 625 441 663; x_wconf 87' lang='lat' dir='ltr'>congrue</span> <span class='ocrx_word' id='word_1_34' title='bbox 475 612 689 663; x_wconf 84' lang='lat' dir='ltr'>dispositis</span> <span class='ocrx_word' id='word_1_35' title='bbox 715 621 752 650; x_wconf 90' lang='lat' dir='ltr'>et</span> <span class='ocrx_word' id='word_1_36' title='bbox 766 613 920 665; x_wconf 90' lang='lat' dir='ltr'>populo</span> <span class='ocrx_word' id='word_1_37' title='bbox 943 614 1130 663; x_wconf 87' lang='lat' dir='ltr'>dimisso,</span> <span class='ocrx_word' id='word_1_38' title='bbox 1155 617 1243 668; x_wconf 83' lang='lat' dir='ltr'>ipse</span> <span class='ocrx_word' id='word_1_39' title='bbox 1261 630 1407 659; x_wconf 84' lang='lat' dir='ltr'>venatu</span> <span class='ocrx_word' id='word_1_40' title='bbox 1426 630 1583 661; x_wconf 86' lang='lat' dir='ltr'>autum-</span> 
     </span>
     <span class='ocr_line' id='line_1_6' title="bbox 90 675 1581 732; baseline 0.009 -19"><span class='ocrx_word' id='word_1_41' title='bbox 90 675 170 713; x_wconf 88' lang='lat' dir='ltr'>nali</span> <span class='ocrx_word' id='word_1_42' title='bbox 194 675 492 716; x_wconf 85' lang='lat' dir='ltr'>Franconosurt</span> <span class='ocrx_word' id='word_1_43' title='bbox 506 677 640 715; x_wconf 87' lang='lat' dir='ltr'>villam</span> <span class='ocrx_word' id='word_1_44' title='bbox 663 679 872 729; x_wconf 81' lang='lat' dir='ltr'>profectus</span> <span class='ocrx_word' id='word_1_45' title='bbox 895 688 976 725; x_wconf 79' lang='lat' dir='ltr'>est3</span> <span class='ocrx_word' id='word_1_46' title='bbox 1003 695 1082 732; x_wconf 86' lang='lat' dir='ltr'>qua</span> <span class='ocrx_word' id='word_1_47' title='bbox 1103 691 1320 731; x_wconf 78' lang='lat' dir='ltr'>transacta,</span> <span class='ocrx_word' id='word_1_48' title='bbox 1336 688 1384 724; x_wconf 86' lang='lat' dir='ltr'>ad</span> <span class='ocrx_word' id='word_1_49' title='bbox 1407 687 1581 726; x_wconf 89' lang='lat' dir='ltr'>hieman-</span> 
     </span>
     <span class='ocr_line' id='line_1_7' title="bbox 91 741 1583 794; baseline 0.008 -15"><span class='ocrx_word' id='word_1_50' title='bbox 91 742 185 779; x_wconf 91' lang='lat' dir='ltr'>dum</span> <span class='ocrx_word' id='word_1_51' title='bbox 203 741 455 794; x_wconf 87' lang='lat' dir='ltr'>Aquisgrani</span> <span class='ocrx_word' id='word_1_52' title='bbox 472 757 680 788; x_wconf 85' lang='lat' dir='ltr'>reversus,</span> <span class='ocrx_word' id='word_1_53' title='bbox 700 743 754 781; x_wconf 88' lang='lat' dir='ltr'>ibi</span> <span class='ocrx_word' id='word_1_54' title='bbox 780 744 945 783; x_wconf 86' lang='lat' dir='ltr'>missam</span> <span class='ocrx_word' id='word_1_55' title='bbox 975 748 1113 786; x_wconf 69' lang='lat' dir='ltr'>Sancti</span> <span class='ocrx_word' id='word_1_56' title='bbox 1129 749 1293 788; x_wconf 87' lang='lat' dir='ltr'>Martini</span> <span class='ocrx_word' id='word_1_57' title='bbox 1312 760 1349 789; x_wconf 93' lang='lat' dir='ltr'>et</span> <span class='ocrx_word' id='word_1_58' title='bbox 1363 757 1375 771; x_wconf 60' lang='lat' dir='ltr'>V</span> <span class='ocrx_word' id='word_1_59' title='bbox 1396 752 1583 792; x_wconf 82' lang='lat' dir='ltr'>Andreae</span> 
     </span>
     <span class='ocr_line' id='line_1_8' title="bbox 91 806 1494 863; baseline 0.009 -20"><span class='ocrx_word' id='word_1_60' title='bbox 91 806 267 858; x_wconf 88' lang='lat' dir='ltr'>apostoli</span> <span class='ocrx_word' id='word_1_61' title='bbox 289 815 328 845; x_wconf 89' lang='lat' dir='ltr'>et</span> <span class='ocrx_word' id='word_1_62' title='bbox 348 807 481 858; x_wconf 92' lang='lat' dir='ltr'>ipsum</span> <span class='ocrx_word' id='word_1_63' title='bbox 504 807 644 845; x_wconf 84' lang='lat' dir='ltr'>Natale</span> <span class='ocrx_word' id='word_1_64' title='bbox 664 808 828 846; x_wconf 90' lang='lat' dir='ltr'>Domini</span> <span class='ocrx_word' id='word_1_65' title='bbox 852 824 940 847; x_wconf 89' lang='lat' dir='ltr'>eum</span> <span class='ocrx_word' id='word_1_66' title='bbox 959 825 1103 863; x_wconf 84' lang='lat' dir='ltr'>magna</span> <span class='ocrx_word' id='word_1_67' title='bbox 1120 813 1246 852; x_wconf 86' lang='lat' dir='ltr'>letitia</span> <span class='ocrx_word' id='word_1_68' title='bbox 1262 816 1494 855; x_wconf 73' lang='lat' dir='ltr'>celebravit.</span> 
     </span>
    </p>

    <p class='ocr_par' dir='ltr' id='par_1_3' title="bbox 150 872 1583 930">
     <span class='ocr_line' id='line_1_9' title="bbox 150 872 1583 930; baseline 0.009 -18"><span class='ocrx_word' id='word_1_69' title='bbox 150 873 218 916; x_wconf 84' lang='lat'>16.</span> <span class='ocrx_word' id='word_1_70' title='bbox 251 899 309 904; x_wconf 92' lang='lat'><strong>—</strong></span> <span class='ocrx_word' id='word_1_71' title='bbox 329 872 456 914; x_wconf 91' lang='lat' dir='ltr'>Anno</span> <span class='ocrx_word' id='word_1_72' title='bbox 481 873 728 930; x_wconf 60' lang='lat' dir='ltr'>sequenti‘*</span> <span class='ocrx_word' id='word_1_73' title='bbox 749 876 991 917; x_wconf 80' lang='lat' dir='ltr'>Normanni</span> <span class='ocrx_word' id='word_1_74' title='bbox 1027 878 1185 920; x_wconf 81' lang='lat' dir='ltr'>Heri0¹</span> <span class='ocrx_word' id='word_1_75' title='bbox 1216 880 1403 923; x_wconf 84' lang='lat' dir='ltr'>insulam</span> <span class='ocrx_word' id='word_1_76' title='bbox 1438 883 1583 925; x_wconf 89' lang='lat' dir='ltr'>ineen-</span> 
     </span>
    </p>
   </div>
   <div class='ocr_carea' id='block_1_3' title="bbox 92 944 1583 1001">
    <p class='ocr_par' dir='ltr' id='par_1_4' title="bbox 92 944 1583 1001">
     <span class='ocr_line' id='line_1_10' title="bbox 92 944 1583 1001; baseline 0.008 -17"><span class='ocrx_word' id='word_1_77' title='bbox 92 944 203 985; x_wconf 85' lang='lat' dir='ltr'>dunt</span> <span class='ocrx_word' id='word_1_78' title='bbox 225 960 376 986; x_wconf 86' lang='lat' dir='ltr'>mense</span> <span class='ocrx_word' id='word_1_79' title='bbox 395 945 537 1001; x_wconf 88' lang='lat' dir='ltr'>junio,</span> <span class='ocrx_word' id='word_1_80' title='bbox 569 954 611 986; x_wconf 85' lang='lat' dir='ltr'>et</span> <span class='ocrx_word' id='word_1_81' title='bbox 633 945 843 988; x_wconf 76' lang='lat' dir='ltr'>destituta</span> <span class='ocrx_word' id='word_1_82' title='bbox 867 956 933 989; x_wconf 85' lang='lat' dir='ltr'>est</span> <span class='ocrx_word' id='word_1_83' title='bbox 967 964 987 988; x_wconf 92' lang='lat' dir='ltr'>a</span> <span class='ocrx_word' id='word_1_84' title='bbox 1032 951 1227 992; x_wconf 63' lang='lat' dir='ltr'>oenerali</span> <span class='ocrx_word' id='word_1_85' title='bbox 1270 954 1583 996; x_wconf 86' lang='lat' dir='ltr'>monachorum</span> 
     </span>
    </p>
   </div>
   <div class='ocr_carea' id='block_1_4' title="bbox 90 985 1585 1076">
    <p class='ocr_par' dir='ltr' id='par_1_5' title="bbox 90 985 1585 1076">
     <span class='ocr_line' id='line_1_11' title="bbox 1030 985 1055 1009; baseline 0 0"><span class='ocrx_word' id='word_1_86' title='bbox 1030 985 1055 1009; x_wconf 66' lang='grc' dir='ltr'><strong><em>ο</em></strong></span> 
     </span>
     <span class='ocr_line' id='line_1_12' title="bbox 90 1015 1585 1076; baseline 0.007 -20"><span class='ocrx_word' id='word_1_87' title='bbox 90 1015 393 1067; x_wconf 81' lang='lat' dir='ltr'>habitatione3</span> <span class='ocrx_word' id='word_1_88' title='bbox 419 1016 480 1056; x_wconf 86' lang='lat' dir='ltr'>ibi</span> <span class='ocrx_word' id='word_1_89' title='bbox 504 1016 667 1058; x_wconf 80' lang='lat' dir='ltr'>fecerat</span> <span class='ocrx_word' id='word_1_90' title='bbox 689 1017 876 1059; x_wconf 88' lang='lat' dir='ltr'>domnus</span> <span class='ocrx_word' id='word_1_91' title='bbox 905 1019 1147 1076; x_wconf 85' lang='lat' dir='ltr'>imperator</span> <span class='ocrx_word' id='word_1_92' title='bbox 1188 1023 1375 1065; x_wconf 85' lang='lat' dir='ltr'>Karolus</span> <span class='ocrx_word' id='word_1_93' title='bbox 1417 1041 1585 1067; x_wconf 88' lang='lat' dir='ltr'>monas-</span> 
     </span>
    </p>
   </div>
   <div class='ocr_carea' id='block_1_5' title="bbox 89 1081 1584 1213">
    <p class='ocr_par' dir='ltr' id='par_1_6' title="bbox 89 1081 1584 1213">
     <span class='ocr_line' id='line_1_13' title="bbox 91 1081 1583 1140; baseline 0.005 -16"><span class='ocrx_word' id='word_1_94' title='bbox 91 1082 253 1124; x_wconf 82' lang='lat' dir='ltr'>terium</span> <span class='ocrx_word' id='word_1_95' title='bbox 284 1081 423 1123; x_wconf 86' lang='lat' dir='ltr'>saneti</span> <span class='ocrx_word' id='word_1_96' title='bbox 446 1082 650 1124; x_wconf 82' lang='lat' dir='ltr'>Filiberti</span> <span class='ocrx_word' id='word_1_97' title='bbox 666 1084 715 1123; x_wconf 48' lang='grc' dir='ltr'>Ψ.</span> <span class='ocrx_word' id='word_1_98' title='bbox 742 1084 865 1125; x_wconf 86' lang='lat' dir='ltr'>Tunc</span> <span class='ocrx_word' id='word_1_99' title='bbox 889 1085 1001 1136; x_wconf 89' lang='lat' dir='ltr'>Odo,</span> <span class='ocrx_word' id='word_1_100' title='bbox 1022 1085 1361 1130; x_wconf 78' lang='lat' dir='ltr'>Aurelianorum</span> <span class='ocrx_word' id='word_1_101' title='bbox 1381 1094 1583 1140; x_wconf 70' lang='lat' dir='ltr'>c‹›1nes2*‚</span> 
     </span>
     <span class='ocr_line' id='line_1_14' title="bbox 89 1148 1584 1213; baseline 0.007 -26"><span class='ocrx_word' id='word_1_102' title='bbox 89 1164 188 1189; x_wconf 88' lang='lat' dir='ltr'>eum</span> <span class='ocrx_word' id='word_1_103' title='bbox 234 1148 485 1197; x_wconf 80' lang='lat' dir='ltr'>LambertO,</span> <span class='ocrx_word' id='word_1_104' title='bbox 526 1149 797 1190; x_wconf 79' lang='lat' dir='ltr'>Nannetensi</span> <span class='ocrx_word' id='word_1_105' title='bbox 829 1150 989 1192; x_wconf 81' lang='lat' dir='ltr'>comite</span> <span class='ocrx_word' id='word_1_106' title='bbox 1005 1153 1054 1201; x_wconf 73' lang='lat'>²¹*,</span> <span class='ocrx_word' id='word_1_107' title='bbox 1093 1169 1375 1213; x_wconf 80' lang='lat' dir='ltr'>congressus,</span> <span class='ocrx_word' id='word_1_108' title='bbox 1413 1156 1584 1197; x_wconf 79' lang='lat' dir='ltr'>occisus</span> 
     </span>
    </p>
   </div>
   <div class='ocr_carea' id='block_1_6' title="bbox 87 1220 1587 1423">
    <p class='ocr_par' dir='ltr' id='par_1_7' title="bbox 87 1220 1587 1423">
     <span class='ocr_line' id='line_1_15' title="bbox 91 1220 1582 1278; baseline 0.004 -16"><span class='ocrx_word' id='word_1_109' title='bbox 91 1220 275 1262; x_wconf 68' lang='lat' dir='ltr'>est⁶*.Et</span> <span class='ocrx_word' id='word_1_110' title='bbox 289 1229 389 1276; x_wconf 84' lang='lat' dir='ltr'>post</span> <span class='ocrx_word' id='word_1_111' title='bbox 402 1235 540 1261; x_wconf 86' lang='lat' dir='ltr'>annos</span> <span class='ocrx_word' id='word_1_112' title='bbox 554 1220 749 1277; x_wconf 89' lang='lat' dir='ltr'>quinque</span> <span class='ocrx_word' id='word_1_113' title='bbox 766 1221 1181 1270; x_wconf 80' lang='lat' dir='ltr'>Rainoldus‚comes</span> <span class='ocrx_word' id='word_1_114' title='bbox 1210 1225 1582 1278; x_wconf 77' lang='lat' dir='ltr'>A1=}›atilicensis·-‘,</span> 
     </span>
     <span class='ocr_line' id='line_1_16' title="bbox 90 1291 1587 1348; baseline 0.005 -16"><span class='ocrx_word' id='word_1_115' title='bbox 90 1307 245 1333; x_wconf 88' lang='lat' dir='ltr'>mense</span> <span class='ocrx_word' id='word_1_116' title='bbox 270 1291 532 1348; x_wconf 79' lang='lat' dir='ltr'>septembri,</span> <span class='ocrx_word' id='word_1_117' title='bbox 550 1308 646 1333; x_wconf 89' lang='lat' dir='ltr'>eum</span> <span class='ocrx_word' id='word_1_118' title='bbox 667 1293 934 1334; x_wconf 80' lang='lat' dir='ltr'>Normannis</span> <span class='ocrx_word' id='word_1_119' title='bbox 961 1294 1005 1335; x_wconf 91' lang='lat' dir='ltr'>in</span> <span class='ocrx_word' id='word_1_120' title='bbox 1028 1295 1161 1336; x_wconf 88' lang='lat' dir='ltr'>Herio</span> <span class='ocrx_word' id='word_1_121' title='bbox 1184 1296 1325 1338; x_wconf 88' lang='lat' dir='ltr'>insula</span> <span class='ocrx_word' id='word_1_122' title='bbox 1343 1297 1522 1339; x_wconf 78' lang='lat' dir='ltr'>dimicat</span> <span class='ocrx_word' id='word_1_123' title='bbox 1544 1307 1587 1339; x_wconf 82' lang='lat' dir='ltr'>et</span> 
     </span>
     <span class='ocr_line' id='line_1_17' title="bbox 87 1362 1585 1423; baseline 0.005 -19"><span class='ocrx_word' id='word_1_124' title='bbox 87 1362 262 1423; x_wconf 81' lang='lat' dir='ltr'>fugatus</span> <span class='ocrx_word' id='word_1_125' title='bbox 286 1372 369 1405; x_wconf 86' lang='lat' dir='ltr'>est.</span> <span class='ocrx_word' id='word_1_126' title='bbox 394 1363 522 1404; x_wconf 81' lang='lat' dir='ltr'>Auno</span> <span class='ocrx_word' id='word_1_127' title='bbox 545 1364 765 1421; x_wconf 86' lang='lat' dir='ltr'>sequenti,</span> <span class='ocrx_word' id='word_1_128' title='bbox 792 1381 952 1422; x_wconf 89' lang='lat' dir='ltr'>eorpus</span> <span class='ocrx_word' id='word_1_129' title='bbox 976 1367 1116 1408; x_wconf 86' lang='lat' dir='ltr'>sancti</span> <span class='ocrx_word' id='word_1_130' title='bbox 1139 1367 1343 1409; x_wconf 76' lang='lat' dir='ltr'>Filiberti</span> <span class='ocrx_word' id='word_1_131' title='bbox 1367 1368 1419 1410; x_wconf 89' lang='lat' dir='ltr'>dc</span> <span class='ocrx_word' id='word_1_132' title='bbox 1443 1369 1585 1411; x_wconf 84' lang='lat' dir='ltr'>insula</span> 
     </span>
    </p>
   </div>
   <div class='ocr_carea' id='block_1_7' title="bbox 86 1476 1587 1604">
    <p class='ocr_par' dir='ltr' id='par_1_8' title="bbox 86 1476 1587 1604">
     <span class='ocr_line' id='line_1_18' title="bbox 127 1476 1587 1519; baseline 0.003 -13"><span class='ocrx_word' id='word_1_133' title='bbox 127 1476 160 1515; x_wconf 83' lang='lat' dir='ltr'>v)</span> <span class='ocrx_word' id='word_1_134' title='bbox 176 1481 209 1506; x_wconf 88' lang='lat' dir='ltr'>et</span> <span class='ocrx_word' id='word_1_135' title='bbox 241 1476 351 1506; x_wconf 83' lang='lat' dir='ltr'>sancti</span> <span class='ocrx_word' id='word_1_136' title='bbox 383 1477 419 1513; x_wconf 85' lang='lat' dir='ltr'>E,</span> <span class='ocrx_word' id='word_1_137' title='bbox 448 1478 483 1513; x_wconf 81' lang='lat' dir='ltr'>F,</span> <span class='ocrx_word' id='word_1_138' title='bbox 525 1477 565 1508; x_wconf 91' lang='lat' dir='ltr'>G.</span> <span class='ocrx_word' id='word_1_139' title='bbox 601 1496 639 1500; x_wconf 96' lang='lat'><strong>—</strong></span> <span class='ocrx_word' id='word_1_140' title='bbox 665 1477 718 1518; x_wconf 74' lang='lat' dir='ltr'>x*)</span> <span class='ocrx_word' id='word_1_141' title='bbox 750 1478 953 1509; x_wconf 76' lang='lat' dir='ltr'>Nox-manni.</span> <span class='ocrx_word' id='word_1_142' title='bbox 978 1489 1068 1509; x_wconf 90' lang='lat' dir='ltr'>anno</span> <span class='ocrx_word' id='word_1_143' title='bbox 1112 1480 1279 1519; x_wconf 82' lang='lat' dir='ltr'>sequenti,</span> <span class='ocrx_word' id='word_1_144' title='bbox 1324 1491 1400 1510; x_wconf 80' lang='lat' dir='ltr'>cum</span> <span class='ocrx_word' id='word_1_145' title='bbox 1426 1481 1587 1510; x_wconf 58' lang='lat' dir='ltr'>tium-rent</span> 
     </span>
     <span class='ocr_line' id='line_1_19' title="bbox 88 1518 1585 1563; baseline 0.002 -15"><span class='ocrx_word' id='word_1_146' title='bbox 88 1518 274 1548; x_wconf 83' lang='lat' dir='ltr'>Saxoniam</span> <span class='ocrx_word' id='word_1_147' title='bbox 308 1518 452 1554; x_wconf 82' lang='lat' dir='ltr'>intrare,</span> <span class='ocrx_word' id='word_1_148' title='bbox 493 1519 628 1549; x_wconf 79' lang='lat' dir='ltr'>reflexis</span> <span class='ocrx_word' id='word_1_149' title='bbox 668 1519 818 1550; x_wconf 78' lang='lat' dir='ltr'>navibus</span> <span class='ocrx_word' id='word_1_150' title='bbox 857 1521 900 1550; x_wconf 89' lang='lat' dir='ltr'>ad</span> <span class='ocrx_word' id='word_1_151' title='bbox 942 1532 1036 1550; x_wconf 88' lang='lat' dir='ltr'>mare</span> <span class='ocrx_word' id='word_1_152' title='bbox 1074 1521 1318 1561; x_wconf 70' lang='lat' dir='ltr'>Aquitanicum</span> <span class='ocrx_word' id='word_1_153' title='bbox 1353 1533 1436 1563; x_wconf 53' lang='lat' dir='ltr'>app⁴</span> <span class='ocrx_word' id='word_1_154' title='bbox 1465 1523 1585 1552; x_wconf 64' lang='grc'><strong>01110-</strong></span> 
     </span>
     <span class='ocr_line' id='line_1_20' title="bbox 86 1559 1585 1604; baseline 0.001 -14"><span class='ocrx_word' id='word_1_155' title='bbox 86 1559 137 1590; x_wconf 87' lang='lat' dir='ltr'>rio</span> <span class='ocrx_word' id='word_1_156' title='bbox 177 1560 214 1590; x_wconf 92' lang='lat' dir='ltr'>C.</span> <span class='ocrx_word' id='word_1_157' title='bbox 246 1578 287 1583; x_wconf 84' lang='lat'>-—</span> <span class='ocrx_word' id='word_1_158' title='bbox 324 1561 379 1599; x_wconf 52' lang='grc' dir='ltr'>γ’)</span> <span class='ocrx_word' id='word_1_159' title='bbox 413 1561 506 1591; x_wconf 89' lang='lat' dir='ltr'>Tunc</span> <span class='ocrx_word' id='word_1_160' title='bbox 553 1561 746 1591; x_wconf 72' lang='lat' dir='ltr'>Ludovicus</span> <span class='ocrx_word' id='word_1_161' title='bbox 790 1566 997 1593; x_wconf 72' lang='lat' dir='ltr'>conventum</span> <span class='ocrx_word' id='word_1_162' title='bbox 1034 1563 1195 1603; x_wconf 78' lang='lat' dir='ltr'>generale</span> <span class='ocrx_word' id='word_1_163' title='bbox 1238 1563 1347 1593; x_wconf 83' lang='lat' dir='ltr'>tenuit</span> <span class='ocrx_word' id='word_1_164' title='bbox 1379 1564 1412 1593; x_wconf 85' lang='lat' dir='ltr'>in</span> <span class='ocrx_word' id='word_1_165' title='bbox 1453 1564 1585 1604; x_wconf 74' lang='lat' dir='ltr'>palatio</span> 
     </span>
    </p>
   </div>
   <div class='ocr_carea' id='block_1_8' title="bbox 84 1601 1587 2267">
    <p class='ocr_par' dir='ltr' id='par_1_9' title="bbox 84 1601 1587 2267">
     <span class='ocr_line' id='line_1_21' title="bbox 85 1601 1586 1645; baseline 0.002 -14"><span class='ocrx_word' id='word_1_166' title='bbox 85 1601 306 1642; x_wconf 66' lang='lat' dir='ltr'>Jogentiacoss</span> <span class='ocrx_word' id='word_1_167' title='bbox 348 1601 381 1631; x_wconf 92' lang='lat' dir='ltr'>in</span> <span class='ocrx_word' id='word_1_168' title='bbox 430 1603 660 1637; x_wconf 74' lang='lat' dir='ltr'>Lomovieino,</span> <span class='ocrx_word' id='word_1_169' title='bbox 707 1607 740 1633; x_wconf 83' lang='lat' dir='ltr'>et</span> <span class='ocrx_word' id='word_1_170' title='bbox 775 1614 853 1633; x_wconf 89' lang='lat' dir='ltr'>eum</span> <span class='ocrx_word' id='word_1_171' title='bbox 899 1604 1010 1644; x_wconf 80' lang='lat' dir='ltr'>gloria</span> <span class='ocrx_word' id='word_1_172' title='bbox 1066 1615 1230 1643; x_wconf 72' lang='lat' dir='ltr'>magnam</span> <span class='ocrx_word' id='word_1_173' title='bbox 1279 1605 1438 1635; x_wconf 75' lang='lat' dir='ltr'>dedicare</span> <span class='ocrx_word' id='word_1_174' title='bbox 1480 1605 1586 1645; x_wconf 77' lang='lat' dir='ltr'>jussit</span> 
     </span>
     <span class='ocr_line' id='line_1_22' title="bbox 84 1643 1586 1687; baseline 0.003 -15"><span class='ocrx_word' id='word_1_175' title='bbox 84 1643 267 1673; x_wconf 82' lang='lat' dir='ltr'>basilicam</span> <span class='ocrx_word' id='word_1_176' title='bbox 293 1644 486 1674; x_wconf 75' lang='lat' dir='ltr'>salvatoris</span> <span class='ocrx_word' id='word_1_177' title='bbox 509 1645 662 1684; x_wconf 75' lang='lat' dir='ltr'>regalem</span> <span class='ocrx_word' id='word_1_178' title='bbox 683 1655 800 1675; x_wconf 86' lang='lat' dir='ltr'>mense</span> <span class='ocrx_word' id='word_1_179' title='bbox 815 1645 980 1681; x_wconf 77' lang='lat' dir='ltr'>octobris,</span> <span class='ocrx_word' id='word_1_180' title='bbox 998 1650 1030 1675; x_wconf 84' lang='lat' dir='ltr'>et</span> <span class='ocrx_word' id='word_1_181' title='bbox 1042 1646 1196 1676; x_wconf 80' lang='lat' dir='ltr'>levatum</span> <span class='ocrx_word' id='word_1_182' title='bbox 1212 1657 1338 1687; x_wconf 90' lang='lat' dir='ltr'>corpus</span> <span class='ocrx_word' id='word_1_183' title='bbox 1362 1645 1471 1676; x_wconf 71' lang='lat' dir='ltr'>sancti</span> <span class='ocrx_word' id='word_1_184' title='bbox 1493 1647 1586 1677; x_wconf 78' lang='lat' dir='ltr'>Mar-</span> 
     </span>
     <span class='ocr_line' id='line_1_23' title="bbox 85 1685 1587 1728; baseline 0.002 -14"><span class='ocrx_word' id='word_1_185' title='bbox 85 1685 196 1719; x_wconf 87' lang='lat' dir='ltr'>cialis,</span> <span class='ocrx_word' id='word_1_186' title='bbox 231 1696 321 1715; x_wconf 89' lang='lat' dir='ltr'>anno</span> <span class='ocrx_word' id='word_1_187' title='bbox 339 1685 589 1715; x_wconf 78' lang='lat' dir='ltr'>incarnationis</span> <span class='ocrx_word' id='word_1_188' title='bbox 613 1686 749 1715; x_wconf 84' lang='lat' dir='ltr'>Domini</span> <span class='ocrx_word' id='word_1_189' title='bbox 771 1697 950 1719; x_wconf 80' lang='lat' dir='ltr'>Dcccxxx:</span> <span class='ocrx_word' id='word_1_190' title='bbox 969 1687 1089 1717; x_wconf 87' lang='lat' dir='ltr'>eodem</span> <span class='ocrx_word' id='word_1_191' title='bbox 1112 1699 1228 1717; x_wconf 86' lang='lat' dir='ltr'>mense</span> <span class='ocrx_word' id='word_1_192' title='bbox 1244 1688 1397 1728; x_wconf 80' lang='lat' dir='ltr'>positum</span> <span class='ocrx_word' id='word_1_193' title='bbox 1424 1692 1475 1718; x_wconf 79' lang='lat' dir='ltr'>est</span> <span class='ocrx_word' id='word_1_194' title='bbox 1508 1693 1587 1728; x_wconf 80' lang='lat' dir='ltr'>post</span> 
     </span>
     <span class='ocr_line' id='line_1_24' title="bbox 86 1727 1586 1769; baseline 0.002 -13"><span class='ocrx_word' id='word_1_195' title='bbox 86 1727 196 1757; x_wconf 86' lang='lat' dir='ltr'>altare</span> <span class='ocrx_word' id='word_1_196' title='bbox 216 1727 410 1757; x_wconf 83' lang='lat' dir='ltr'>Salvatoris</span> <span class='ocrx_word' id='word_1_197' title='bbox 427 1728 469 1757; x_wconf 87' lang='lat' dir='ltr'>ad</span> <span class='ocrx_word' id='word_1_198' title='bbox 490 1727 639 1768; x_wconf 79' lang='lat' dir='ltr'>criptam</span> <span class='ocrx_word' id='word_1_199' title='bbox 660 1727 802 1767; x_wconf 86' lang='lat' dir='ltr'>majoris</span> <span class='ocrx_word' id='word_1_200' title='bbox 819 1728 936 1764; x_wconf 74' lang='lat' dir='ltr'>vitree,</span> <span class='ocrx_word' id='word_1_201' title='bbox 960 1733 1143 1769; x_wconf 66' lang='lat' dir='ltr'>praesente</span> <span class='ocrx_word' id='word_1_202' title='bbox 1160 1729 1237 1769; x_wconf 80' lang='lat' dir='ltr'>ipso</span> <span class='ocrx_word' id='word_1_203' title='bbox 1254 1729 1474 1769; x_wconf 80' lang='lat' dir='ltr'>imperatore.</span> <span class='ocrx_word' id='word_1_204' title='bbox 1492 1730 1586 1759; x_wconf 61' lang='lat' dir='ltr'>‘l‘unc</span> 
     </span>
     <span class='ocr_line' id='line_1_25' title="bbox 85 1768 1587 1811; baseline 0.001 -13"><span class='ocrx_word' id='word_1_205' title='bbox 85 1768 221 1809; x_wconf 78' lang='lat' dir='ltr'>hiemps</span> <span class='ocrx_word' id='word_1_206' title='bbox 251 1768 446 1808; x_wconf 83' lang='lat' dir='ltr'>asperrima</span> <span class='ocrx_word' id='word_1_207' title='bbox 476 1769 550 1806; x_wconf 70' lang='lat' dir='ltr'>suit,</span> <span class='ocrx_word' id='word_1_208' title='bbox 589 1773 621 1799; x_wconf 84' lang='lat' dir='ltr'>et</span> <span class='ocrx_word' id='word_1_209' title='bbox 654 1780 814 1800; x_wconf 80' lang='lat' dir='ltr'>reversus</span> <span class='ocrx_word' id='word_1_210' title='bbox 851 1770 1043 1810; x_wconf 83' lang='lat' dir='ltr'>imperator</span> <span class='ocrx_word' id='word_1_211' title='bbox 1072 1771 1267 1805; x_wconf 67' lang='lat' dir='ltr'>franciam,</span> <span class='ocrx_word' id='word_1_212' title='bbox 1303 1775 1383 1811; x_wconf 77' lang='lat' dir='ltr'>post</span> <span class='ocrx_word' id='word_1_213' title='bbox 1414 1771 1587 1801; x_wconf 68' lang='lat' dir='ltr'>modicum</span> 
     </span>
     <span class='ocr_line' id='line_1_26' title="bbox 86 1810 1583 1852; baseline 0.001 -13"><span class='ocrx_word' id='word_1_214' title='bbox 86 1814 224 1850; x_wconf 86' lang='lat' dir='ltr'>tempus</span> <span class='ocrx_word' id='word_1_215' title='bbox 248 1814 372 1850; x_wconf 86' lang='lat' dir='ltr'>captus</span> <span class='ocrx_word' id='word_1_216' title='bbox 397 1815 449 1840; x_wconf 84' lang='lat' dir='ltr'>est</span> <span class='ocrx_word' id='word_1_217' title='bbox 469 1810 504 1840; x_wconf 90' lang='lat' dir='ltr'>in</span> <span class='ocrx_word' id='word_1_218' title='bbox 525 1810 713 1841; x_wconf 73' lang='lat' dir='ltr'>traditione</span> <span class='ocrx_word' id='word_1_219' title='bbox 737 1822 756 1841; x_wconf 88' lang='lat' dir='ltr'>a</span> <span class='ocrx_word' id='word_1_220' title='bbox 775 1811 889 1841; x_wconf 86' lang='lat' dir='ltr'>tribus</span> <span class='ocrx_word' id='word_1_221' title='bbox 911 1812 1065 1852; x_wconf 76' lang='lat' dir='ltr'>regibus,</span> <span class='ocrx_word' id='word_1_222' title='bbox 1098 1812 1180 1842; x_wconf 74' lang='lat' dir='ltr'>filiis</span> <span class='ocrx_word' id='word_1_223' title='bbox 1206 1812 1289 1847; x_wconf 84' lang='lat' dir='ltr'>suis,</span> <span class='ocrx_word' id='word_1_224' title='bbox 1317 1811 1490 1845; x_wconf 79' lang='lat' dir='ltr'>Lothario.</span> <span class='ocrx_word' id='word_1_225' title='bbox 1517 1813 1583 1842; x_wconf 90' lang='lat' dir='ltr'>Lu-</span> 
     </span>
     <span class='ocr_line' id='line_1_27' title="bbox 87 1851 1587 1894; baseline 0.001 -13"><span class='ocrx_word' id='word_1_226' title='bbox 87 1852 208 1882; x_wconf 79' lang='lat' dir='ltr'>dovico</span> <span class='ocrx_word' id='word_1_227' title='bbox 230 1855 263 1882; x_wconf 84' lang='lat' dir='ltr'>et</span> <span class='ocrx_word' id='word_1_228' title='bbox 281 1851 458 1892; x_wconf 85' lang='lat' dir='ltr'>Pipino,et</span> <span class='ocrx_word' id='word_1_229' title='bbox 472 1863 492 1882; x_wconf 88' lang='lat' dir='ltr'>a</span> <span class='ocrx_word' id='word_1_230' title='bbox 515 1852 678 1882; x_wconf 77' lang='lat' dir='ltr'>Lothario</span> <span class='ocrx_word' id='word_1_231' title='bbox 701 1852 828 1883; x_wconf 84' lang='lat' dir='ltr'>missus</span> <span class='ocrx_word' id='word_1_232' title='bbox 850 1857 902 1883; x_wconf 83' lang='lat' dir='ltr'>est</span> <span class='ocrx_word' id='word_1_233' title='bbox 917 1853 951 1882; x_wconf 90' lang='lat' dir='ltr'>in</span> <span class='ocrx_word' id='word_1_234' title='bbox 964 1864 1138 1883; x_wconf 78' lang='lat' dir='ltr'>carcerem</span> <span class='ocrx_word' id='word_1_235' title='bbox 1156 1854 1249 1894; x_wconf 86' lang='lat' dir='ltr'>apud</span> <span class='ocrx_word' id='word_1_236' title='bbox 1274 1854 1436 1883; x_wconf 76' lang='lat' dir='ltr'>Sanctum</span> <span class='ocrx_word' id='word_1_237' title='bbox 1454 1854 1587 1883; x_wconf 66' lang='lat' dir='ltr'>Modur-</span> 
     </span>
     <span class='ocr_line' id='line_1_28' title="bbox 87 1893 1586 1935; baseline 0.001 -13"><span class='ocrx_word' id='word_1_238' title='bbox 87 1893 181 1928; x_wconf 89' lang='lat' dir='ltr'>dum,</span> <span class='ocrx_word' id='word_1_239' title='bbox 208 1893 330 1923; x_wconf 83' lang='lat' dir='ltr'>deinde</span> <span class='ocrx_word' id='word_1_240' title='bbox 352 1894 446 1934; x_wconf 86' lang='lat' dir='ltr'>apud</span> <span class='ocrx_word' id='word_1_241' title='bbox 469 1895 633 1923; x_wconf 80' lang='lat' dir='ltr'>Sanctum</span> <span class='ocrx_word' id='word_1_242' title='bbox 660 1894 876 1934; x_wconf 73' lang='lat' dir='ltr'>Dionysium.</span> <span class='ocrx_word' id='word_1_243' title='bbox 910 1899 943 1924; x_wconf 87' lang='lat' dir='ltr'>et</span> <span class='ocrx_word' id='word_1_244' title='bbox 971 1895 1166 1935; x_wconf 81' lang='lat' dir='ltr'>expoliatus</span> <span class='ocrx_word' id='word_1_245' title='bbox 1191 1900 1243 1925; x_wconf 83' lang='lat' dir='ltr'>est</span> <span class='ocrx_word' id='word_1_246' title='bbox 1275 1895 1317 1924; x_wconf 88' lang='lat' dir='ltr'>ab</span> <span class='ocrx_word' id='word_1_247' title='bbox 1345 1895 1586 1935; x_wconf 73' lang='lat' dir='ltr'>imperialibus</span> 
     </span>
     <span class='ocr_line' id='line_1_29' title="bbox 86 1934 1583 1977; baseline 0.001 -13"><span class='ocrx_word' id='word_1_248' title='bbox 86 1934 299 1965; x_wconf 80' lang='lat' dir='ltr'>indumentis</span> <span class='ocrx_word' id='word_1_249' title='bbox 315 1941 349 1966; x_wconf 85' lang='lat' dir='ltr'>ct</span> <span class='ocrx_word' id='word_1_250' title='bbox 368 1935 470 1976; x_wconf 85' lang='lat' dir='ltr'>nigra</span> <span class='ocrx_word' id='word_1_251' title='bbox 495 1940 590 1966; x_wconf 70' lang='lat' dir='ltr'>veste</span> <span class='ocrx_word' id='word_1_252' title='bbox 614 1935 769 1966; x_wconf 76' lang='lat' dir='ltr'>indutus.</span> <span class='ocrx_word' id='word_1_253' title='bbox 793 1937 833 1965; x_wconf 78' lang='lat' dir='ltr'>Et</span> <span class='ocrx_word' id='word_1_254' title='bbox 851 1937 933 1966; x_wconf 89' lang='lat' dir='ltr'>dum</span> <span class='ocrx_word' id='word_1_255' title='bbox 961 1948 1070 1976; x_wconf 76' lang='lat' dir='ltr'>parvo</span> <span class='ocrx_word' id='word_1_256' title='bbox 1105 1941 1184 1977; x_wconf 83' lang='lat' dir='ltr'>post</span> <span class='ocrx_word' id='word_1_257' title='bbox 1216 1941 1372 1977; x_wconf 85' lang='lat' dir='ltr'>tempore</span> <span class='ocrx_word' id='word_1_258' title='bbox 1401 1936 1583 1966; x_wconf 83' lang='lat' dir='ltr'>Lotharius</span> 
     </span>
     <span class='ocr_line' id='line_1_30' title="bbox 87 1976 1584 2017; baseline 0.001 -12"><span class='ocrx_word' id='word_1_259' title='bbox 87 1976 255 2006; x_wconf 75' lang='lat' dir='ltr'>Viennam</span> <span class='ocrx_word' id='word_1_260' title='bbox 272 1976 331 2006; x_wconf 88' lang='lat' dir='ltr'>diu</span> <span class='ocrx_word' id='word_1_261' title='bbox 352 1981 559 2010; x_wconf 82' lang='lat' dir='ltr'>moraretur.</span> <span class='ocrx_word' id='word_1_262' title='bbox 583 1977 767 2017; x_wconf 78' lang='lat' dir='ltr'>adgregati</span> <span class='ocrx_word' id='word_1_263' title='bbox 794 1978 914 2007; x_wconf 80' lang='lat' dir='ltr'>Franci</span> <span class='ocrx_word' id='word_1_264' title='bbox 942 1977 1154 2008; x_wconf 74' lang='lat' dir='ltr'>Ludovicum</span> <span class='ocrx_word' id='word_1_265' title='bbox 1184 1989 1203 2007; x_wconf 88' lang='lat' dir='ltr'>a</span> <span class='ocrx_word' id='word_1_266' title='bbox 1240 1978 1398 2008; x_wconf 83' lang='lat' dir='ltr'>custodia</span> <span class='ocrx_word' id='word_1_267' title='bbox 1435 1978 1584 2008; x_wconf 78' lang='lat' dir='ltr'>carceris</span> 
     </span>
     <span class='ocr_line' id='line_1_31' title="bbox 86 2017 1586 2059; baseline 0.001 -12"><span class='ocrx_word' id='word_1_268' title='bbox 86 2017 183 2058; x_wconf 84' lang='lat' dir='ltr'>juxta</span> <span class='ocrx_word' id='word_1_269' title='bbox 204 2018 320 2048; x_wconf 88' lang='lat' dir='ltr'>aulam</span> <span class='ocrx_word' id='word_1_270' title='bbox 350 2019 465 2049; x_wconf 82' lang='lat' dir='ltr'>saneti</span> <span class='ocrx_word' id='word_1_271' title='bbox 488 2018 632 2058; x_wconf 72' lang='lat' dir='ltr'>Dionysi</span> <span class='ocrx_word' id='word_1_272' title='bbox 661 2018 836 2059; x_wconf 75' lang='lat' dir='ltr'>ejecerunt</span> <span class='ocrx_word' id='word_1_273' title='bbox 859 2024 892 2049; x_wconf 85' lang='lat' dir='ltr'>et</span> <span class='ocrx_word' id='word_1_274' title='bbox 917 2019 1064 2050; x_wconf 75' lang='lat' dir='ltr'>invitum</span> <span class='ocrx_word' id='word_1_275' title='bbox 1088 2019 1121 2049; x_wconf 89' lang='lat' dir='ltr'>in</span> <span class='ocrx_word' id='word_1_276' title='bbox 1143 2030 1261 2059; x_wconf 76' lang='lat' dir='ltr'>regem</span> <span class='ocrx_word' id='word_1_277' title='bbox 1283 2019 1407 2049; x_wconf 88' lang='lat' dir='ltr'>iterum</span> <span class='ocrx_word' id='word_1_278' title='bbox 1429 2020 1586 2050; x_wconf 80' lang='lat' dir='ltr'>elevave-</span> 
     </span>
     <span class='ocr_line' id='line_1_32' title="bbox 89 2059 1586 2101; baseline 0.001 -12"><span class='ocrx_word' id='word_1_279' title='bbox 89 2064 182 2090; x_wconf 85' lang='lat' dir='ltr'>runt.</span> <span class='ocrx_word' id='word_1_280' title='bbox 204 2060 244 2089; x_wconf 90' lang='lat' dir='ltr'>Et</span> <span class='ocrx_word' id='word_1_281' title='bbox 260 2059 303 2089; x_wconf 84' lang='lat' dir='ltr'>ab</span> <span class='ocrx_word' id='word_1_282' title='bbox 324 2071 362 2090; x_wconf 91' lang='lat' dir='ltr'>eo</span> <span class='ocrx_word' id='word_1_283' title='bbox 387 2061 452 2093; x_wconf 76' lang='lat' dir='ltr'>die.</span> <span class='ocrx_word' id='word_1_284' title='bbox 476 2071 543 2100; x_wconf 92' lang='lat' dir='ltr'>quo</span> <span class='ocrx_word' id='word_1_285' title='bbox 566 2061 676 2090; x_wconf 82' lang='lat' dir='ltr'>sancti</span> <span class='ocrx_word' id='word_1_286' title='bbox 693 2061 870 2090; x_wconf 70' lang='lat' dir='ltr'>Marcialis</span> <span class='ocrx_word' id='word_1_287' title='bbox 904 2072 1030 2101; x_wconf 89' lang='lat' dir='ltr'>eorpus</span> <span class='ocrx_word' id='word_1_288' title='bbox 1056 2061 1209 2101; x_wconf 69' lang='lat' dir='ltr'>positum</span> <span class='ocrx_word' id='word_1_289' title='bbox 1242 2065 1294 2090; x_wconf 86' lang='lat' dir='ltr'>est</span> <span class='ocrx_word' id='word_1_290' title='bbox 1326 2061 1383 2090; x_wconf 83' lang='lat' dir='ltr'>nbi</span> <span class='ocrx_word' id='word_1_291' title='bbox 1413 2072 1519 2101; x_wconf 84' lang='lat' dir='ltr'>supra</span> <span class='ocrx_word' id='word_1_292' title='bbox 1552 2061 1586 2090; x_wconf 87' lang='lat' dir='ltr'>in</span> 
     </span>
     <span class='ocr_line' id='line_1_33' title="bbox 89 2101 1585 2143; baseline 0 -12"><span class='ocrx_word' id='word_1_293' title='bbox 89 2101 238 2131; x_wconf 80' lang='lat' dir='ltr'>basilica</span> <span class='ocrx_word' id='word_1_294' title='bbox 267 2102 475 2137; x_wconf 82' lang='lat' dir='ltr'>Salvatoris,</span> <span class='ocrx_word' id='word_1_295' title='bbox 511 2113 620 2142; x_wconf 86' lang='lat' dir='ltr'>usque</span> <span class='ocrx_word' id='word_1_296' title='bbox 648 2103 691 2132; x_wconf 86' lang='lat' dir='ltr'>ad</span> <span class='ocrx_word' id='word_1_297' title='bbox 719 2113 796 2132; x_wconf 88' lang='lat' dir='ltr'>eum</span> <span class='ocrx_word' id='word_1_298' title='bbox 821 2102 913 2132; x_wconf 87' lang='lat' dir='ltr'>diem</span> <span class='ocrx_word' id='word_1_299' title='bbox 939 2114 1006 2143; x_wconf 89' lang='lat' dir='ltr'>quo</span> <span class='ocrx_word' id='word_1_300' title='bbox 1033 2102 1227 2142; x_wconf 78' lang='lat' dir='ltr'>imperator</span> <span class='ocrx_word' id='word_1_301' title='bbox 1256 2102 1437 2132; x_wconf 87' lang='lat' dir='ltr'>restitutus</span> <span class='ocrx_word' id='word_1_302' title='bbox 1470 2106 1522 2131; x_wconf 68' lang='lat' dir='ltr'>est</span> <span class='ocrx_word' id='word_1_303' title='bbox 1552 2102 1585 2131; x_wconf 89' lang='lat' dir='ltr'>in</span> 
     </span>
     <span class='ocr_line' id='line_1_34' title="bbox 88 2143 1587 2185; baseline -0.001 -12"><span class='ocrx_word' id='word_1_304' title='bbox 88 2153 248 2184; x_wconf 78' lang='lat' dir='ltr'>regnum,</span> <span class='ocrx_word' id='word_1_305' title='bbox 270 2144 384 2174; x_wconf 83' lang='lat' dir='ltr'>media</span> <span class='ocrx_word' id='word_1_306' title='bbox 408 2143 783 2184; x_wconf 75' lang='lat' dir='ltr'>quadragesiina,post</span> <span class='ocrx_word' id='word_1_307' title='bbox 798 2144 1031 2185; x_wconf 78' lang='lat' dir='ltr'>asperrimam</span> <span class='ocrx_word' id='word_1_308' title='bbox 1055 2144 1202 2174; x_wconf 79' lang='lat' dir='ltr'>hiemem</span> <span class='ocrx_word' id='word_1_309' title='bbox 1223 2143 1437 2173; x_wconf 70' lang='lat' dir='ltr'>incessanter</span> <span class='ocrx_word' id='word_1_310' title='bbox 1456 2143 1587 2173; x_wconf 67' lang='lat' dir='ltr'>diluvia</span> 
     </span>
     <span class='ocr_line' id='line_1_35' title="bbox 89 2184 1586 2226; baseline -0.001 -12"><span class='ocrx_word' id='word_1_311' title='bbox 89 2195 260 2225; x_wconf 85' lang='lat' dir='ltr'>aquarum</span> <span class='ocrx_word' id='word_1_312' title='bbox 284 2189 317 2215; x_wconf 87' lang='lat' dir='ltr'>et</span> <span class='ocrx_word' id='word_1_313' title='bbox 337 2185 455 2226; x_wconf 68' lang='lat' dir='ltr'>pluvie</span> <span class='ocrx_word' id='word_1_314' title='bbox 476 2184 581 2214; x_wconf 88' lang='lat' dir='ltr'>nimie</span> <span class='ocrx_word' id='word_1_315' title='bbox 602 2185 836 2216; x_wconf 76' lang='lat' dir='ltr'>increverunt.</span> <span class='ocrx_word' id='word_1_316' title='bbox 854 2186 903 2216; x_wconf 81' lang='lat' dir='ltr'>Ab</span> <span class='ocrx_word' id='word_1_317' title='bbox 923 2186 1001 2226; x_wconf 90' lang='lat' dir='ltr'>ipso</span> <span class='ocrx_word' id='word_1_318' title='bbox 1023 2186 1076 2215; x_wconf 88' lang='lat' dir='ltr'>die</span> <span class='ocrx_word' id='word_1_319' title='bbox 1096 2185 1264 2215; x_wconf 73' lang='lat' dir='ltr'>serenitas</span> <span class='ocrx_word' id='word_1_320' title='bbox 1282 2186 1315 2215; x_wconf 90' lang='lat' dir='ltr'>in</span> <span class='ocrx_word' id='word_1_321' title='bbox 1340 2185 1484 2215; x_wconf 74' lang='lat' dir='ltr'>Francia</span> <span class='ocrx_word' id='word_1_322' title='bbox 1508 2185 1586 2214; x_wconf 72' lang='lat' dir='ltr'>red-</span> 
     </span>
     <span class='ocr_line' id='line_1_36' title="bbox 89 2225 1585 2267; baseline -0.001 -11"><span class='ocrx_word' id='word_1_323' title='bbox 89 2226 161 2256; x_wconf 81' lang='lat' dir='ltr'>dita</span> <span class='ocrx_word' id='word_1_324' title='bbox 182 2230 250 2260; x_wconf 75' lang='lat' dir='ltr'>est:</span> <span class='ocrx_word' id='word_1_325' title='bbox 272 2227 332 2256; x_wconf 91' lang='lat' dir='ltr'>sed</span> <span class='ocrx_word' id='word_1_326' title='bbox 352 2227 387 2256; x_wconf 88' lang='lat' dir='ltr'>in</span> <span class='ocrx_word' id='word_1_327' title='bbox 411 2226 599 2267; x_wconf 79' lang='lat' dir='ltr'>Aquitania</span> <span class='ocrx_word' id='word_1_328' title='bbox 631 2227 772 2267; x_wconf 78' lang='lat' dir='ltr'>pluviae</span> <span class='ocrx_word' id='word_1_329' title='bbox 792 2238 859 2257; x_wconf 91' lang='lat' dir='ltr'>non</span> <span class='ocrx_word' id='word_1_330' title='bbox 882 2228 1092 2262; x_wconf 87' lang='lat' dir='ltr'>defecerunt,</span> <span class='ocrx_word' id='word_1_331' title='bbox 1121 2238 1302 2267; x_wconf 78' lang='lat' dir='ltr'>quousque</span> <span class='ocrx_word' id='word_1_332' title='bbox 1326 2237 1452 2267; x_wconf 89' lang='lat' dir='ltr'>corpus</span> <span class='ocrx_word' id='word_1_333' title='bbox 1476 2225 1585 2255; x_wconf 78' lang='lat' dir='ltr'>sancti</span> 
     </span>
    </p>
   </div>
   <div class='ocr_carea' id='block_1_9' title="bbox 88 2267 1588 2392">
    <p class='ocr_par' dir='ltr' id='par_1_10' title="bbox 88 2267 1588 2392">
     <span class='ocr_line' id='line_1_37' title="bbox 89 2267 1586 2309; baseline -0.001 -12"><span class='ocrx_word' id='word_1_334' title='bbox 89 2268 266 2298; x_wconf 87' lang='lat' dir='ltr'>Marcialis</span> <span class='ocrx_word' id='word_1_335' title='bbox 293 2269 454 2309; x_wconf 87' lang='lat' dir='ltr'>sepulcro</span> <span class='ocrx_word' id='word_1_336' title='bbox 476 2267 626 2308; x_wconf 86' lang='lat' dir='ltr'>pristino</span> <span class='ocrx_word' id='word_1_337' title='bbox 642 2268 767 2298; x_wconf 86' lang='lat' dir='ltr'>iterum</span> <span class='ocrx_word' id='word_1_338' title='bbox 788 2269 1006 2299; x_wconf 82' lang='lat' dir='ltr'>reconditum</span> <span class='ocrx_word' id='word_1_339' title='bbox 1022 2273 1073 2299; x_wconf 82' lang='lat' dir='ltr'>est</span> <span class='ocrx_word' id='word_1_340' title='bbox 1089 2269 1169 2298; x_wconf 78' lang='lat' dir='ltr'>add.</span> <span class='ocrx_word' id='word_1_341' title='bbox 1197 2269 1234 2299; x_wconf 83' lang='lat' dir='ltr'>C.</span> <span class='ocrx_word' id='word_1_342' title='bbox 1256 2287 1294 2291; x_wconf 95' lang='lat'>—</span> <span class='ocrx_word' id='word_1_343' title='bbox 1333 2269 1381 2307; x_wconf 86' lang='lat' dir='ltr'>z*)</span> <span class='ocrx_word' id='word_1_344' title='bbox 1403 2267 1460 2307; x_wconf 82' lang='lat' dir='ltr'>qui</span> <span class='ocrx_word' id='word_1_345' title='bbox 1492 2269 1586 2297; x_wconf 77' lang='lat' dir='ltr'>save-</span> 
     </span>
     <span class='ocr_line' id='line_1_38' title="bbox 88 2308 1587 2350; baseline -0.001 -11"><span class='ocrx_word' id='word_1_346' title='bbox 88 2309 150 2339; x_wconf 80' lang='lat' dir='ltr'>bat</span> <span class='ocrx_word' id='word_1_347' title='bbox 171 2309 333 2350; x_wconf 87' lang='lat' dir='ltr'>partibus</span> <span class='ocrx_word' id='word_1_348' title='bbox 360 2310 525 2341; x_wconf 75' lang='lat' dir='ltr'>Ludovici</span> <span class='ocrx_word' id='word_1_349' title='bbox 547 2313 579 2339; x_wconf 89' lang='lat' dir='ltr'>et</span> <span class='ocrx_word' id='word_1_350' title='bbox 595 2311 703 2340; x_wconf 79' lang='lat' dir='ltr'>frater</span> <span class='ocrx_word' id='word_1_351' title='bbox 719 2310 792 2350; x_wconf 88' lang='lat' dir='ltr'>ejus</span> <span class='ocrx_word' id='word_1_352' title='bbox 810 2310 1003 2341; x_wconf 75' lang='lat' dir='ltr'>willelmus</span> <span class='ocrx_word' id='word_1_353' title='bbox 1045 2310 1124 2340; x_wconf 79' lang='lat' dir='ltr'>add.</span> <span class='ocrx_word' id='word_1_354' title='bbox 1152 2310 1191 2340; x_wconf 89' lang='lat' dir='ltr'>C.</span> <span class='ocrx_word' id='word_1_355' title='bbox 1214 2328 1252 2333; x_wconf 93' lang='lat'>—-</span> <span class='ocrx_word' id='word_1_356' title='bbox 1278 2310 1330 2348; x_wconf 86' lang='lat' dir='ltr'>a*)</span> <span class='ocrx_word' id='word_1_357' title='bbox 1350 2309 1407 2349; x_wconf 88' lang='lat' dir='ltr'>qui</span> <span class='ocrx_word' id='word_1_358' title='bbox 1426 2308 1587 2338; x_wconf 86' lang='lat' dir='ltr'>Lothario</span> 
     </span>
     <span class='ocr_line' id='line_1_39' title="bbox 91 2350 1588 2392; baseline -0.001 -12"><span class='ocrx_word' id='word_1_359' title='bbox 91 2351 233 2381; x_wconf 83' lang='lat' dir='ltr'>favebat</span> <span class='ocrx_word' id='word_1_360' title='bbox 262 2352 344 2382; x_wconf 79' lang='lat' dir='ltr'>add.</span> <span class='ocrx_word' id='word_1_361' title='bbox 368 2352 404 2382; x_wconf 91' lang='lat' dir='ltr'>C.</span> <span class='ocrx_word' id='word_1_362' title='bbox 430 2370 468 2374; x_wconf 98' lang='lat'><strong>—</strong></span> <span class='ocrx_word' id='word_1_363' title='bbox 490 2352 546 2391; x_wconf 85' lang='lat' dir='ltr'>h*)</span> <span class='ocrx_word' id='word_1_364' title='bbox 571 2351 676 2381; x_wconf 85' lang='lat' dir='ltr'>occisi</span> <span class='ocrx_word' id='word_1_365' title='bbox 700 2356 781 2381; x_wconf 89' lang='lat' dir='ltr'>sunt</span> <span class='ocrx_word' id='word_1_366' title='bbox 800 2363 879 2382; x_wconf 90' lang='lat' dir='ltr'>eum</span> <span class='ocrx_word' id='word_1_367' title='bbox 903 2352 1022 2382; x_wconf 87' lang='lat' dir='ltr'>multis</span> <span class='ocrx_word' id='word_1_368' title='bbox 1040 2351 1261 2392; x_wconf 85' lang='lat' dir='ltr'>principibus</span> <span class='ocrx_word' id='word_1_369' title='bbox 1283 2350 1453 2381; x_wconf 76' lang='lat' dir='ltr'>Neustrie.</span> <span class='ocrx_word' id='word_1_370' title='bbox 1474 2351 1514 2380; x_wconf 83' lang='lat' dir='ltr'>Et</span> <span class='ocrx_word' id='word_1_371' title='bbox 1530 2350 1588 2380; x_wconf 86' lang='lat' dir='ltr'>Lo-</span> 
     </span>
    </p>
   </div>
   <div class='ocr_carea' id='block_1_10' title="bbox 89 2392 1588 2560">
    <p class='ocr_par' dir='ltr' id='par_1_11' title="bbox 89 2392 1588 2560">
     <span class='ocr_line' id='line_1_40' title="bbox 89 2392 1587 2434; baseline -0.001 -13"><span class='ocrx_word' id='word_1_372' title='bbox 89 2392 227 2423; x_wconf 84' lang='lat' dir='ltr'>tharius</span> <span class='ocrx_word' id='word_1_373' title='bbox 247 2404 267 2424; x_wconf 87' lang='lat' dir='ltr'>a</span> <span class='ocrx_word' id='word_1_374' title='bbox 288 2393 421 2424; x_wconf 61' lang='lat' dir='ltr'>Vienna</span> <span class='ocrx_word' id='word_1_375' title='bbox 442 2403 618 2426; x_wconf 74' lang='lat' dir='ltr'>reversus.</span> <span class='ocrx_word' id='word_1_376' title='bbox 654 2393 764 2423; x_wconf 82' lang='lat' dir='ltr'>voluit</span> <span class='ocrx_word' id='word_1_377' title='bbox 789 2394 882 2434; x_wconf 88' lang='lat' dir='ltr'>apud</span> <span class='ocrx_word' id='word_1_378' title='bbox 904 2398 1059 2424; x_wconf 79' lang='lat' dir='ltr'>castrum</span> <span class='ocrx_word' id='word_1_379' title='bbox 1082 2393 1243 2423; x_wconf 86' lang='lat' dir='ltr'>Blesense</span> <span class='ocrx_word' id='word_1_380' title='bbox 1281 2403 1358 2422; x_wconf 88' lang='lat' dir='ltr'>cum</span> <span class='ocrx_word' id='word_1_381' title='bbox 1396 2396 1495 2432; x_wconf 83' lang='lat' dir='ltr'>patre</span> <span class='ocrx_word' id='word_1_382' title='bbox 1526 2402 1587 2421; x_wconf 83' lang='lat' dir='ltr'>suo</span> 
     </span>
     <span class='ocr_line' id='line_1_41' title="bbox 92 2433 1588 2476; baseline -0.001 -12"><span class='ocrx_word' id='word_1_383' title='bbox 92 2434 297 2476; x_wconf 71' lang='lat' dir='ltr'>confligere:</span> <span class='ocrx_word' id='word_1_384' title='bbox 321 2435 381 2465; x_wconf 88' lang='lat' dir='ltr'>sed</span> <span class='ocrx_word' id='word_1_385' title='bbox 401 2435 518 2476; x_wconf 86' lang='lat' dir='ltr'>impar</span> <span class='ocrx_word' id='word_1_386' title='bbox 539 2435 686 2468; x_wconf 78' lang='lat' dir='ltr'>viribus,</span> <span class='ocrx_word' id='word_1_387' title='bbox 709 2436 856 2475; x_wconf 86' lang='lat' dir='ltr'>supplex</span> <span class='ocrx_word' id='word_1_388' title='bbox 877 2435 971 2466; x_wconf 77' lang='lat' dir='ltr'>venit</span> <span class='ocrx_word' id='word_1_389' title='bbox 992 2436 1035 2465; x_wconf 87' lang='lat' dir='ltr'>ad</span> <span class='ocrx_word' id='word_1_390' title='bbox 1059 2446 1148 2470; x_wconf 88' lang='lat' dir='ltr'>eum,</span> <span class='ocrx_word' id='word_1_391' title='bbox 1177 2439 1210 2464; x_wconf 88' lang='lat' dir='ltr'>et</span> <span class='ocrx_word' id='word_1_392' title='bbox 1235 2433 1489 2473; x_wconf 79' lang='lat' dir='ltr'>indulgentiam</span> <span class='ocrx_word' id='word_1_393' title='bbox 1517 2443 1588 2462; x_wconf 82' lang='lat' dir='ltr'>mc-</span> 
     </span>
     <span class='ocr_line' id='line_1_42' title="bbox 89 2474 1588 2517; baseline -0.002 -11"><span class='ocrx_word' id='word_1_394' title='bbox 89 2475 170 2511; x_wconf 80' lang='lat' dir='ltr'>ruit,</span> <span class='ocrx_word' id='word_1_395' title='bbox 196 2481 230 2506; x_wconf 87' lang='lat' dir='ltr'>et</span> <span class='ocrx_word' id='word_1_396' title='bbox 249 2477 430 2507; x_wconf 86' lang='lat' dir='ltr'>restitutus</span> <span class='ocrx_word' id='word_1_397' title='bbox 452 2481 505 2507; x_wconf 85' lang='lat' dir='ltr'>est</span> <span class='ocrx_word' id='word_1_398' title='bbox 525 2477 646 2507; x_wconf 88' lang='lat' dir='ltr'>honori</span> <span class='ocrx_word' id='word_1_399' title='bbox 668 2476 828 2517; x_wconf 80' lang='lat' dir='ltr'>pristine.</span> <span class='ocrx_word' id='word_1_400' title='bbox 852 2477 1018 2507; x_wconf 86' lang='lat' dir='ltr'>Similiter</span> <span class='ocrx_word' id='word_1_401' title='bbox 1041 2476 1233 2506; x_wconf 72' lang='lat' dir='ltr'>Ludovicus</span> <span class='ocrx_word' id='word_1_402' title='bbox 1255 2479 1288 2505; x_wconf 85' lang='lat' dir='ltr'>et</span> <span class='ocrx_word' id='word_1_403' title='bbox 1308 2475 1450 2515; x_wconf 84' lang='lat' dir='ltr'>Pipinus</span> <span class='ocrx_word' id='word_1_404' title='bbox 1472 2474 1588 2504; x_wconf 88' lang='lat' dir='ltr'>indul-</span> 
     </span>
     <span class='ocr_line' id='line_1_43' title="bbox 94 2517 1429 2560; baseline -0.001 -13"><span class='ocrx_word' id='word_1_405' title='bbox 94 2517 248 2558; x_wconf 86' lang='lat' dir='ltr'>gentiam</span> <span class='ocrx_word' id='word_1_406' title='bbox 268 2529 288 2549; x_wconf 89' lang='lat' dir='ltr'>a</span> <span class='ocrx_word' id='word_1_407' title='bbox 308 2523 408 2560; x_wconf 86' lang='lat' dir='ltr'>patre</span> <span class='ocrx_word' id='word_1_408' title='bbox 432 2523 652 2559; x_wconf 79' lang='lat' dir='ltr'>acceperunt,</span> <span class='ocrx_word' id='word_1_409' title='bbox 671 2522 703 2548; x_wconf 85' lang='lat' dir='ltr'>et</span> <span class='ocrx_word' id='word_1_410' title='bbox 718 2518 870 2548; x_wconf 82' lang='lat' dir='ltr'>restituti</span> <span class='ocrx_word' id='word_1_411' title='bbox 892 2523 972 2548; x_wconf 83' lang='lat' dir='ltr'>sunt</span> <span class='ocrx_word' id='word_1_412' title='bbox 988 2517 1152 2558; x_wconf 84' lang='lat' dir='ltr'>dignitati</span> <span class='ocrx_word' id='word_1_413' title='bbox 1175 2517 1274 2547; x_wconf 88' lang='lat' dir='ltr'>solite</span> <span class='ocrx_word' id='word_1_414' title='bbox 1294 2517 1374 2546; x_wconf 67' lang='lat' dir='ltr'>add.</span> <span class='ocrx_word' id='word_1_415' title='bbox 1392 2517 1429 2547; x_wconf 69' lang='lat' dir='ltr'>(J.</span> 
     </span>
    </p>
   </div>
   <div class='ocr_carea' id='block_1_11' title="bbox 98 2661 1590 2828">
    <p class='ocr_par' dir='ltr' id='par_1_12' title="bbox 137 2661 829 2699">
     <span class='ocr_line' id='line_1_44' title="bbox 137 2661 829 2699; baseline 0 -8"><span class='ocrx_word' id='word_1_416' title='bbox 137 2662 164 2692; x_wconf 76' lang='lat'>1.</span> <span class='ocrx_word' id='word_1_417' title='bbox 188 2662 278 2692; x_wconf 87' lang='lat' dir='ltr'>Pour</span> <span class='ocrx_word' id='word_1_418' title='bbox 300 2662 416 2699; x_wconf 85' lang='lat' dir='ltr'>Heria,</span> <span class='ocrx_word' id='word_1_419' title='bbox 439 2663 483 2693; x_wconf 86' lang='lat' dir='ltr'>ile</span> <span class='ocrx_word' id='word_1_420' title='bbox 505 2663 546 2693; x_wconf 87' lang='lat' dir='ltr'>de</span> <span class='ocrx_word' id='word_1_421' title='bbox 567 2661 829 2693; x_wconf 79' lang='lat' dir='ltr'>Noirmoutiers.</span> 
     </span>
    </p>

    <p class='ocr_par' dir='ltr' id='par_1_13' title="bbox 137 2703 1536 2747">
     <span class='ocr_line' id='line_1_45' title="bbox 137 2703 1536 2747; baseline 0.001 -15"><span class='ocrx_word' id='word_1_422' title='bbox 137 2704 165 2733; x_wconf 87' lang='lat'>2.</span> <span class='ocrx_word' id='word_1_423' title='bbox 191 2704 408 2746; x_wconf 80' lang='lat' dir='ltr'>Eerbauges,</span> <span class='ocrx_word' id='word_1_424' title='bbox 426 2715 513 2745; x_wconf 72' lang='lat' dir='ltr'>pays</span> <span class='ocrx_word' id='word_1_425' title='bbox 536 2704 576 2734; x_wconf 83' lang='lat' dir='ltr'>de</span> <span class='ocrx_word' id='word_1_426' title='bbox 598 2704 676 2734; x_wconf 89' lang='lat' dir='ltr'>Retz</span> <span class='ocrx_word' id='word_1_427' title='bbox 699 2703 1047 2743; x_wconf 60' lang='lat' dir='ltr'>(Loire-Inferieurei.</span> <span class='ocrx_word' id='word_1_428' title='bbox 1531 2742 1536 2747; x_wconf 34' lang='grc' dir='ltr'>ι</span> 
     </span>
    </p>

    <p class='ocr_par' dir='ltr' id='par_1_14' title="bbox 98 2742 1590 2828">
     <span class='ocr_line' id='line_1_46' title="bbox 141 2742 1590 2783; baseline -0.002 -9"><span class='ocrx_word' id='word_1_429' title='bbox 141 2746 171 2775; x_wconf 86' lang='grc'>3.</span> <span class='ocrx_word' id='word_1_430' title='bbox 195 2745 287 2776; x_wconf 91' lang='lat' dir='ltr'>Pour</span> <span class='ocrx_word' id='word_1_431' title='bbox 309 2746 518 2776; x_wconf 83' lang='lat' dir='ltr'>Jocunciaeo</span> <span class='ocrx_word' id='word_1_432' title='bbox 549 2756 629 2775; x_wconf 83' lang='lat' dir='ltr'>sans</span> <span class='ocrx_word' id='word_1_433' title='bbox 658 2745 771 2781; x_wconf 77' lang='lat' dir='ltr'>doute,</span> <span class='ocrx_word' id='word_1_434' title='bbox 807 2745 1069 2775; x_wconf 86' lang='lat' dir='ltr'>anciennement</span> <span class='ocrx_word' id='word_1_435' title='bbox 1093 2744 1292 2779; x_wconf 75' lang='lat' dir='ltr'>Jocondiac,</span> <span class='ocrx_word' id='word_1_436' title='bbox 1321 2742 1536 2783; x_wconf 76' lang='lat' dir='ltr'>aujourd&#39;hm</span> <span class='ocrx_word' id='word_1_437' title='bbox 1561 2742 1590 2771; x_wconf 79' lang='lat' dir='ltr'>lc</span> 
     </span>
     <span class='ocr_line' id='line_1_47' title="bbox 98 2785 998 2828; baseline 0.002 -13"><span class='ocrx_word' id='word_1_438' title='bbox 98 2785 226 2822; x_wconf 81' lang='lat' dir='ltr'>Palais,</span> <span class='ocrx_word' id='word_1_439' title='bbox 249 2798 278 2818; x_wconf 88' lang='lat' dir='ltr'>e.</span> <span class='ocrx_word' id='word_1_440' title='bbox 301 2791 335 2818; x_wconf 82' lang='lat' dir='ltr'>et</span> <span class='ocrx_word' id='word_1_441' title='bbox 355 2798 427 2818; x_wconf 85' lang='lat' dir='ltr'>arr.</span> <span class='ocrx_word' id='word_1_442' title='bbox 452 2787 493 2817; x_wconf 90' lang='lat' dir='ltr'>de</span> <span class='ocrx_word' id='word_1_443' title='bbox 514 2787 673 2828; x_wconf 85' lang='lat' dir='ltr'>Limoges</span> <span class='ocrx_word' id='word_1_444' title='bbox 697 2787 998 2828; x_wconf 57' lang='lat' dir='ltr'>(Haute-W&#39;ienne).</span> 
     </span>
    </p>
   </div>
  </div>
 </body>
</html>
