1908 3256
702 316 815 340 Lim-ln
851 317 1002 340 l’nmi‘s
1553 312 1599 348 45

112 405 198 457 regi
239 404 497 456 contigisset,
540 414 592 449 et,
617 418 663 442 eo
687 405 791 450 viso,
815 406 944 456 gavisi
969 416 1061 444 sunt
1099 409 1227 445 valde.
1267 410 1352 447 Rex
1375 425 1484 456 vero,
1521 423 1599 452 tota

112 483 221 512 terra
253 471 505 510 Saxonorum
526 480 695 516 vastata,
721 480 758 509 ct
781 472 933 524 populo
962 473 1030 511 illo
1050 475 1276 521 interfecto,
1299 490 1378 515 non
1402 480 1455 516 ibi
1478 480 1601 531 majo-

115 552 196 576 rem
233 537 435 575 hominem
456 538 658 575 viventem
676 543 691 558 ¹¹
723 537 899 588 reliquid
928 538 1006 575 nisi
1042 549 1234 590 quantum
1263 542 1422 593 gladius
1463 552 1599 589 suus¹,

114 617 232 655 quem
256 612 410 654 spatam
432 612 592 647 vocant,
617 616 690 654 per
731 603 895 654 longum
935 603 1119 642 habebat.
1148 605 1222 643 Hic
1260 609 1406 646 etenim
1442 611 1600 662 signum

114 669 152 706 in
176 668 242 706 illa
260 668 428 720 regione
449 668 586 706 statuit
605 681 879 718 reversusque
912 678 971 706 est
993 670 1123 707 vietor
1143 671 1181 708 in
1202 680 1348 710 terram
1369 688 1494 711 suam.

170 736 229 772 41.
256 756 306 761 —
329 734 580 772 Succedente
615 747 712 771 vero
751 741 949 784 tempore,
983 743 1166 773 mortuus
1207 745 1267 774 est
1291 736 1495 776 Clotarius
1537 753 1604 777 rex

116 813 253 837 senex.
279 799 481 851 Regnavit
517 808 648 837 autem
671 799 787 836 annis
809 811 946 836 xL1111.
981 799 1168 852 Regnum
1207 800 1293 852 ejus
1328 802 1601 855 Ualg-obertu&

116 865 221 902 filius
243 863 346 916 ejus,
371 865 411 902 in
434 864 667 902 monarchia
689 865 729 902 in
747 865 842 902 totis
862 865 992 902 tribus
1028 867 1167 917 regnis
1202 869 1402 919 sagaciter
1433 871 1601 922 accepit.

119 930 290 982 Fuitque
329 931 416 983 ipse
445 931 706 983 Dagobertus
740 944 812 967 rex
849 931 1096 968 fortissimus
1131 933 1306 970 nutritor
1344 934 1605 981 Francorum,

117 996 404 1034 severissimus
423 997 463 1034 in
477 995 660 1048 judiciis,
686 996 949 1033 ecclesiarum
994 996 1177 1048 largitor.
1219 997 1310 1049 Ipse
1335 1001 1439 1037 enim
1459 1001 1608 1039 elemo—

118 1062 296 1100 sinarum
318 1062 475 1113 copiam
498 1063 546 1099 de
569 1062 666 1099 fisco
686 1061 823 1113 palatii
860 1075 934 1112 per
970 1062 1164 1100 ecclesias
1197 1073 1428 1103 sanctorum
1449 1067 1605 1118 primus

117 1127 363 1165 distribuere
380 1125 519 1179 jussit.
542 1127 687 1165 Pacem
710 1127 749 1164 in
772 1136 916 1164 cuncto
937 1141 1064 1179 regno
1085 1142 1158 1166 suo
1179 1131 1332 1176 statuit,
1355 1140 1392 1169 et
1413 1132 1453 1169 in
1473 1133 1608 1170 multis

117 1193 307 1244 gentibus
327 1206 466 1230 rumor
488 1191 574 1244 ejus
609 1192 836 1243 personuit.
866 1192 1068 1230 Timorem
1098 1202 1136 1231 et
1164 1204 1310 1233 metum
1339 1197 1379 1234 in
1408 1198 1610 1236 universis

119 1259 258 1311 regnis
289 1272 363 1310 per
401 1259 613 1296 circuitum
651 1258 838 1295 incussit.
881 1257 973 1309 Ipse
1011 1260 1221 1310 pacificuS,
1256 1262 1365 1300 velut
1403 1262 1608 1310 Salomon,

119 1324 283 1376 quietus
306 1338 477 1376 regnum
501 1323 676 1361 obtinuit
695 1323 959 1361 Francorum.
997 1324 1109 1362 Tunc
1133 1325 1357 1365 Audoenus
1392 1329 1612 1381 episcopus

120 1405 285 1434 exortus
321 1396 477 1434 enituit.
509 1390 629 1431 Tunc
652 1388 853 1430 Eraclius
889 1388 1130 1446 imperator
1160 1407 1335 1434 crucem
1358 1394 1537 1436 Domini
1560 1394 1612 1437 de

121 1460 219 1502 fano
243 1461 455 1512 Cosdroe,
481 1460 599 1518 quod
622 1468 714 1501 erat
742 1459 786 1501 in
811 1460 1012 1510 Perside,
1045 1462 1183 1503 victor
1206 1463 1365 1506 detulit
1394 1465 1437 1506 in
1461 1465 1612 1507 Hieru-

121 1532 272 1582 salem,
307 1541 350 1573 et
372 1531 583 1573 exaltacio
613 1539 761 1572 sancte
791 1531 946 1572 Crucis
969 1531 1012 1572 in
1043 1548 1118 1574 sua
1137 1533 1336 1576 civitate*
1365 1545 1468 1577 tunc
1504 1536 1614 1578 facta

121 1612 201 1645 est.
234 1604 297 1644 Eo
328 1612 544 1660 tempore,
583 1602 810 1659 piissimus
838 1602 1080 1659 imperator
1118 1605 1318 1647 Eraclius
1359 1609 1614 1668 Dagoberto

122 1689 302 1715 munera
343 1673 477 1723 misit,
523 1682 565 1714 et
592 1673 762 1733 rogavit
796 1682 841 1714 ut
883 1674 1107 1731 baptizare
1130 1678 1421 1734 compelleret
1462 1695 1615 1721 omnes

122 1744 282 1786 Judeos
305 1744 379 1802 qui
402 1753 526 1786 erant
549 1744 592 1785 in
615 1744 735 1785 omni
761 1760 899 1805 regno
915 1755 928 1777 θ’
958 1747 1080 1802 ejus;
1118 1748 1234 1805 quod
1265 1758 1307 1790 et
1340 1749 1500 1792 factum
1531 1760 1609 1792 est.

122 1816 233 1854 Tunc
257 1817 446 1854 defuncto
478 1816 765 1862 Gundolando,
802 1815 952 1868 majore
985 1818 1130 1856 domus
1168 1819 1324 1866 inclito,
1356 1821 1617 1873 Dagobertus

124 1895 194 1919 rex
217 1881 487 1920 Ercanaldum
503 1888 529 1928 ⁷¹,
552 1882 684 1919 virum
699 1882 913 1927 illustrem,
936 1881 1127 1934 majorem
1146 1885 1290 1924 domus
1311 1887 1463 1925 statuit.
1487 1887 1617 1925 Habe-

125 1948 190 1985 bat
208 1947 332 1999 igitur
351 1947 560 1999 predictus
581 1960 651 1984 rex
670 1947 718 1984 de
741 1947 884 1998 regina
911 1961 983 1985 sua
1002 1947 1206 1996 Nantilde‚
1228 1951 1276 1989 de
1300 1965 1450 2002 genere
1491 1952 1619 1990 Saxo-

124 2025 282 2058 norum,
303 2012 408 2050 filios
431 2013 533 2049 duos
558 2027 565 2048 :
589 2012 848 2063 Sigebertum
868 2021 906 2051 et
925 2012 1190 2052 Clodoveum.
1228 2016 1486 2068 Sigebertum
1523 2031 1620 2056 vero

123 2076 314 2129 majorem
333 2078 458 2116 filium
479 2092 595 2115 suurn
616 2078 656 2114 in
674 2077 838 2115 Austris
862 2092 940 2116 una
962 2093 1051 2117 cum
1072 2080 1220 2132 Pipino
1256 2083 1357 2120 duee
1391 2084 1539 2121 direxit
1580 2084 1619 2121 in

121 2156 249 2195 regno
273 2144 546 2188 statuendum,
568 2143 818 2181 Clodoveum
850 2153 980 2182 autem
998 2143 1228 2196 juniorema
1266 2161 1401 2186 secum
1437 2149 1617 2187 retinuit.

182 2211 242 2247 4⁶2.
272 2232 324 2237 —
342 2208 442 2246 Post
464 2208 537 2246 hec
564 2208 690 2259 igitur
711 2222 782 2246 rex
801 2209 1078 2260 Dagobertus,
1104 2212 1214 2249 febre
1233 2213 1366 2251 valida
1389 2223 1618 2266 correptuS‚

128 2283 335 2327 egrotans,
358 2283 540 2312 mortuus
560 2282 620 2312 est
640 2273 886 2326 Spinogillo,
911 2275 1006 2313 villa
1037 2277 1076 2314 in
1113 2291 1218 2330 pago
1257 2279 1548 2325 parisiacensi,
1585 2289 1621 2318 et

129 2340 313 2391 sepultus
333 2348 394 2378 est
412 2339 451 2377 in
474 2339 642 2377 basilica
665 2339 801 2377 Sancti
836 2339 1024 2391 Dionysii
1052 2343 1256 2393 martyris,
1294 2343 1621 2396 planxeruntque

129 2419 219 2444 eum
238 2405 383 2443 Franci
405 2405 549 2442 diebus
573 2405 725 2450 multis,
747 2406 1014 2458 regnavitque
1037 2407 1153 2445 annis
1177 2420 1312 2446 XL1111.
1350 2409 1619 2454 clodoveum,

127 2472 252 2509 filium
271 2469 374 2522 ejus,
397 2470 542 2508 Franci
566 2483 690 2521 super
709 2483 751 2507 se
773 2483 911 2522 regem
931 2479 1173 2518 statuerunt,
1199 2474 1436 2526 accepitque
1456 2488 1621 2512 uxorem

128 2538 176 2574 de
214 2550 365 2588 genere
399 2536 652 2574 Saxonorum
695 2535 858 2574 nomine
910 2536 1141 2584 Baltildem‚
1184 2538 1393 2590 pulchram
1433 2541 1622 2592 omnique

128 2602 292 2653 ingenio
313 2611 534 2640 strenuam.
560 2601 661 2639 Post
679 2601 751 2639 hec
770 2609 900 2639 autem
925 2602 1165 2655 Sigebertus
1189 2617 1260 2642 rex
1285 2604 1449 2650 Auster,
1476 2605 1623 2656 pipino

172 2739 205 2778 u)
221 2737 394 2769 viventem
414 2737 507 2768 deest
528 2739 564 2768 A.
589 2738 625 2767 D.
650 2756 688 2760 —
705 2738 738 2776 v)
760 2736 833 2778 ejus
859 2737 893 2772 F,
919 2739 957 2769 G.
980 2758 1019 2761 —
1039 2751 1069 2776 x,
1092 2739 1240 2770 insuam
1263 2740 1435 2771 civitatem
1454 2742 1489 2773 A,
1532 2741 1567 2774 D,
1587 2741 1621 2772 E.

130 2780 169 2811 G.
198 2780 285 2820 -y)
317 2779 457 2820 regione
494 2780 527 2813 F,
563 2780 603 2810 G.
645 2798 681 2801 —
716 2780 746 2818 z)
790 2779 1047 2811 Erchanaldum
1087 2781 1123 2815 E,
1161 2783 1199 2812 G.
1239 2782 1496 2812 Ilei-canarduin
1528 2783 1561 2813 1³.
1586 2800 1624 2805 —

131 2832 163 2861 a)
187 2821 354 2851 minorem
377 2821 411 2857 F,
434 2822 474 2852 G.
