1908 3256
83 910 115 932 v.
143 904 211 932 1014

302 283 375 319 164
813 296 1000 322 Annium
1033 296 1278 323 cmxomcox

299 386 496 428 nientem
519 387 704 429 Romam
727 386 790 428 sic
806 396 1063 429 reverenter
1080 386 1378 444 excipiebant,
1396 403 1444 429 ac
1461 387 1497 429 si
1514 396 1632 430 esset
1647 404 1800 430 eorum

300 467 529 518 augustus,
562 458 796 517 omnisque
836 461 1061 501 Romanus
1085 468 1263 501 senatus
1289 469 1460 517 patrem
1493 476 1592 501 eum
1623 460 1708 501 sibi
1730 461 1803 502 ad-

300 531 532 572 clamabat.
560 532 759 589 Cumque
794 531 1001 573 comitem
1030 531 1413 592 Andegavensem,
1438 532 1730 584 Fulchonem,
1756 532 1801 573 in

300 602 503 644 manibus
521 603 610 644 suis
628 603 984 645 commendatum
1001 604 1202 656 haberet,
1217 613 1498 646 concesserat
1515 604 1554 646 ei
1570 620 1650 661 pro
1667 605 1801 646 bene-

299 674 398 716 ficio
426 675 836 735 Losdunum1ncum
871 675 969 717 aliis
999 676 1226 718 nonnullis
1255 676 1411 718 castris
1446 676 1491 717 in
1518 676 1802 718 Pictavorum

299 747 409 798 solo,
443 749 662 790 Santonas
686 764 862 805 quoque
891 764 988 789 cum
1013 748 1277 806 quibusdam
1306 748 1518 790 castellis.
1551 748 1672 790 Idem
1695 748 1799 800 dux,

300 819 336 860 si
365 819 576 861 clericum
606 820 823 877 sapientia
858 829 1061 862 ornatum
1090 820 1278 872 videret,
1305 837 1476 862 summo
1512 836 1610 862 eum
1635 820 1803 862 excole-

301 893 391 934 bat.
428 892 555 934 Unde
583 892 864 945 Rainaldum,
896 902 1193 953 cognomento
1227 894 1499 943 Platonemss,
1538 893 1802 934 monachum

299 981 382 1022 pro
411 965 655 1022 sapientiae
679 974 837 1006 ornatu
860 965 1075 1022 praefecit
1097 966 1302 1006 abbatem
1327 982 1378 1007 ex
1406 964 1623 1007 coenobio
1649 964 1802 1007 Sancti

296 1037 527 1078 Maxentii.
554 1037 827 1094 Episcopum
851 1054 1028 1094 quoque
1054 1037 1260 1078 Carnotis
1283 1037 1561 1087 Fulbertum,
1583 1035 1801 1093 sapientia

294 1118 538 1166 comptum,
559 1126 581 1151 a
597 1109 777 1151 Frantia
794 1119 1020 1151 evocatum
1038 1109 1218 1150 donavit
1243 1109 1520 1150 thesauraria
1546 1108 1695 1150 Sancti
1715 1110 1800 1165 Hy-

292 1181 407 1232 larii,
447 1191 489 1223 et
512 1198 650 1238 penes
680 1198 724 1223 se
748 1181 1044 1223 reverendum
1075 1181 1293 1223 exhibuit.
1324 1180 1577 1238 Aliquando
1600 1197 1696 1221 esse
1730 1179 1802 1221 vix

292 1253 602 1295 inveniebatur
638 1254 733 1295 sine
765 1253 914 1311 aliquo
945 1254 1276 1310 cpiscoporum.
1308 1252 1582 1294 Monastcrio
1604 1251 1802 1293 Lemovi-

292 1325 414 1367 censi
437 1326 555 1368 beati
576 1326 803 1368 Marcialis
827 1326 950 1367 dedit
973 1326 1206 1367 ecclesiam
1242 1325 1286 1366 in
1314 1324 1557 1375 Alniensi3,
1591 1340 1720 1381 quam
1756 1333 1800 1365 et

292 1406 417 1455 pater
446 1399 541 1455 ejus
565 1397 709 1439 eidem
734 1397 1005 1438 monasterio
1029 1406 1129 1439 ante
1153 1397 1353 1447 dederat,
1391 1396 1564 1438 scilicet
1584 1395 1750 1437 Anesio
1766 1396 1797 1447 4,

292 1486 402 1527 quae
427 1479 493 1511 est
526 1470 570 1511 in
606 1470 776 1511 honore
807 1469 948 1510 sancti
982 1469 1122 1510 Petri.
1157 1469 1385 1511 Coenobio
1415 1467 1722 1519 Cluniacensi,
1757 1476 1800 1509 et

292 1541 480 1583 cenobio
505 1542 658 1584 Sancti
679 1541 912 1583 Michaelis
936 1540 989 1582 ad
1013 1541 1208 1582 Clusam5
1232 1541 1276 1581 in
1300 1540 1440 1591 Italia,
1461 1549 1504 1581 et
1527 1539 1676 1581 multis
1700 1539 1798 1581 aliis

292 1629 371 1671 per
394 1614 699 1674 Burgundiam
727 1623 770 1655 et
791 1612 1075 1671 Aquitaniam
1100 1612 1383 1654 monasteriis
1404 1611 1502 1663 Dei,
1524 1613 1649 1668 juxta
1677 1627 1798 1653 oram

293 1686 559 1728 maritimam
582 1686 710 1744 plura
731 1685 776 1727 in
799 1685 1020 1727 reditibus
1041 1685 1155 1726 dona
1176 1694 1397 1726 terrarum
1421 1684 1474 1725 ad
1494 1679 1671 1741 'copiam
1696 1700 1796 1741 sup-

291 1759 505 1815 plementi
522 1775 749 1800 servorum
762 1757 931 1799 Christi
948 1757 1186 1818 delegavit.
1207 1757 1592 1814 Amplectebatura
1609 1755 1799 1797 maximo

289 1829 450 1872 affectu
479 1830 688 1872 honorisb
722 1831 952 1891 regulares
989 1830 1230 1870 monachos
1265 1838 1307 1870 et
1341 1829 1541 1878 abbates,
1576 1837 1618 1869 et
1646 1844 1798 1869 eorum

288 1902 488 1944 consiliis
510 1902 737 1944 nitebatur
751 1902 795 1943 in
813 1901 1199 1943 administratione
1216 1900 1362 1961 regni.
1383 1900 1509 1942 Unde
1528 1909 1571 1942 et
1586 1900 1797 1941 domnum

288 1974 543 2027 Odilonem,
559 1974 760 2016 Cluniaci
773 1975 995 2025 abbatem,
1010 1973 1204 2030 copiosis
1218 1973 1479 2014 muneribus
1497 1972 1583 2014 sibi
1599 1971 1795 2022 attraxit,

288 2047 614 2104 contemplatus
642 2046 687 2087 in
717 2062 768 2087 eo
795 2045 1012 2103 templum
1042 2044 1237 2102 Spiritus
1269 2044 1459 2095 Sanctio,
1493 2043 1797 2100 coenobiaque

288 2135 390 2160 suae
425 2118 608 2160 ditionis
643 2118 857 2159 nonnulla
897 2116 1097 2173 ejusdem
1133 2115 1391 2176 magisterio
1425 2114 1628 2157 tradidit.
1672 2113 1798 2156 Fecit

288 2189 406 2232 idem
429 2190 516 2232 dux
537 2207 560 2231 a
582 2206 694 2231 novo
719 2188 986 2230 coenobium
1021 2187 1172 2229 nobile
1200 2187 1528 2238 Malliacense⁶‚
1565 2185 1798 2228 territorio

288 2261 557 2313 pictavensi,
582 2261 778 2318 itemque
801 2260 959 2319 ingens
982 2259 1247 2300 coenobium
1271 2258 1609 2319 Burguliense7,
1636 2257 1682 2298 in
1704 2273 1795 2298 ces-

329 2381 363 2421 a)
379 2380 667 2422 Amplectabatur
702 2380 739 2410 A.
756 2397 797 2402 —
816 2379 852 2421 b)
880 2377 1003 2409 honori
1023 2378 1060 2408 Α.
1084 2395 1124 2401 -
1144 2379 1175 2419 c)
1191 2388 1296 2418 seque
1316 2377 1346 2408 ei
1366 2377 1402 2408 in
1431 2376 1594 2408 manibus
1616 2386 1794 2406 commen-

288 2423 410 2453 datum
431 2423 579 2453 tradidit
607 2422 687 2452 add.
712 2421 750 2453 C.

329 2558 360 2589 1.
384 2556 529 2587 Loudun
551 2554 720 2596 (Vienne).

329 2600 359 2630 2.
381 2598 539 2634 Renaud,
563 2597 615 2627 dit
634 2597 770 2633 Platon,
793 2597 846 2626 fut
863 2594 953 2625 abbe
974 2595 1015 2626 de
1042 2594 1254 2625 St-Maixent
1275 2596 1322 2637 (v.
1345 2594 1503 2626 1014—v.
1526 2593 1631 2634 1025).

328 2641 360 2713 Ξ.
384 2641 626 2718 {haidincliide
648 2681 696 2711 La
715 2679 842 2717 Jarrie,
866 2691 936 2711 arr.
956 2679 997 2709 de
1011 2679 1058 2709 La
1076 2679 1239 2711 Rochelle
1268 2677 1570 2719 (Cha1·ente-Inf.).

329 2726 359 2756 5.
382 2726 433 2754 Au
449 2722 677 2755 Mont-Cenis.

329 2768 360 2797 6.
386 2765 594 2802 Maillezais‚
617 2775 688 2796 arr.
712 2764 753 2794 de
773 2763 951 2804 Fontenay
972 2763 1145 2805 (Vendee).

330 2809 360 2840 7.
384 2807 586 2848 Bourgueil,
610 2818 681 2839 arr.
705 2807 746 2837 de
767 2805 1232 2847 chinon(1ndre-et-Loire).
