<?xml version="1.0" encoding="UTF-8"?>
<!DOCTYPE html PUBLIC "-//W3C//DTD XHTML 1.0 Transitional//EN"
    "http://www.w3.org/TR/xhtml1/DTD/xhtml1-transitional.dtd">
<html xmlns="http://www.w3.org/1999/xhtml" xml:lang="en" lang="en">
 <head>
  <title>
</title>
<meta http-equiv="Content-Type" content="text/html;charset=utf-8" />
  <meta name='ocr-system' content='tesseract 3.04.00' />
  <meta name='ocr-capabilities' content='ocr_page ocr_carea ocr_par ocr_line ocrx_word'/>
</head>
<body>
  <div class='ocr_page' id='page_1' title='image "./chronique00aduoft_0258.png"; bbox 0 0 1908 3256; ppageno 0'>
   <div class='ocr_carea' id='block_1_1' title="bbox 111 1429 317 1458">
    <p class='ocr_par' dir='ltr' id='par_1_1' title="bbox 111 1429 317 1458">
     <span class='ocr_line' id='line_1_1' title="bbox 111 1429 317 1458; baseline -0.005 -1"><span class='ocrx_word' id='word_1_1' title='bbox 111 1430 179 1458; x_wconf 81' lang='lat'>1027</span> <span class='ocrx_word' id='word_1_2' title='bbox 193 1437 234 1458; x_wconf 91' lang='lat' dir='ltr'>ou</span> <span class='ocrx_word' id='word_1_3' title='bbox 250 1429 317 1458; x_wconf 73' lang='grc'><strong>1028</strong></span> 
     </span>
    </p>
   </div>
   <div class='ocr_carea' id='block_1_2' title="bbox 172 1789 242 1817">
    <p class='ocr_par' dir='ltr' id='par_1_2' title="bbox 172 1789 242 1817">
     <span class='ocr_line' id='line_1_2' title="bbox 172 1789 242 1817; baseline 0 0"><span class='ocrx_word' id='word_1_4' title='bbox 172 1789 242 1817; x_wconf 81' lang='lat'>1029</span> 
     </span>
    </p>
   </div>
   <div class='ocr_carea' id='block_1_3' title="bbox 174 2012 241 2040">
    <p class='ocr_par' dir='ltr' id='par_1_3' title="bbox 174 2012 241 2040">
     <span class='ocr_line' id='line_1_3' title="bbox 174 2012 241 2040; baseline -0.015 0"><span class='ocrx_word' id='word_1_5' title='bbox 174 2012 241 2040; x_wconf 71' lang='lat'>1027</span> 
     </span>
    </p>
   </div>
   <div class='ocr_carea' id='block_1_4' title="bbox 174 2228 240 2256">
    <p class='ocr_par' dir='ltr' id='par_1_4' title="bbox 174 2228 240 2256">
     <span class='ocr_line' id='line_1_4' title="bbox 174 2228 240 2256; baseline -0.03 0"><span class='ocrx_word' id='word_1_6' title='bbox 174 2228 240 2256; x_wconf 80' lang='lat'>1027</span> 
     </span>
    </p>
   </div>
   <div class='ocr_carea' id='block_1_5' title="bbox 357 305 1334 343">
    <p class='ocr_par' dir='ltr' id='par_1_5' title="bbox 357 305 1334 343">
     <span class='ocr_line' id='line_1_5' title="bbox 357 305 1334 343; baseline 0.003 -3"><span class='ocrx_word' id='word_1_7' title='bbox 357 305 428 341; x_wconf 51' lang='lat'>¹194</span> <span class='ocrx_word' id='word_1_8' title='bbox 874 318 1061 342; x_wconf 48' lang='lat' dir='ltr'>‘xm-:snm</span> <span class='ocrx_word' id='word_1_9' title='bbox 1094 318 1334 343; x_wconf 68' lang='lat' dir='ltr'>ennomcox</span> 
     </span>
    </p>
   </div>
   <div class='ocr_carea' id='block_1_6' title="bbox 352 407 1860 2335">
    <p class='ocr_par' dir='ltr' id='par_1_6' title="bbox 352 407 1858 1382">
     <span class='ocr_line' id='line_1_6' title="bbox 413 407 1847 463; baseline 0.003 -16"><span class='ocrx_word' id='word_1_10' title='bbox 413 408 480 449; x_wconf 40' lang='lat' dir='ltr'>(J‘Q.</span> <span class='ocrx_word' id='word_1_11' title='bbox 509 433 566 438; x_wconf 92' lang='lat'><strong>—</strong></span> <span class='ocrx_word' id='word_1_12' title='bbox 594 407 686 459; x_wconf 87' lang='lat' dir='ltr'>Qua</span> <span class='ocrx_word' id='word_1_13' title='bbox 708 415 971 463; x_wconf 76' lang='lat' dir='ltr'>tempestato</span> <span class='ocrx_word' id='word_1_14' title='bbox 995 407 1247 457; x_wconf 63' lang='lat' dir='ltr'>Odolrimm,</span> <span class='ocrx_word' id='word_1_15' title='bbox 1277 407 1427 449; x_wconf 83' lang='lat' dir='ltr'>Sancti</span> <span class='ocrx_word' id='word_1_16' title='bbox 1449 407 1672 449; x_wconf 89' lang='lat' dir='ltr'>Marcialis</span> <span class='ocrx_word' id='word_1_17' title='bbox 1694 410 1847 462; x_wconf 86' lang='lat' dir='ltr'>abbas,</span> 
     </span>
     <span class='ocr_line' id='line_1_7' title="bbox 352 478 1850 538; baseline 0.003 -20"><span class='ocrx_word' id='word_1_18' title='bbox 352 478 716 535; x_wconf 63' lang='lat' dir='ltr'>vigilantissimae</span> <span class='ocrx_word' id='word_1_19' title='bbox 757 479 1019 524; x_wconf 71' lang='lat' dir='ltr'>honestatis,</span> <span class='ocrx_word' id='word_1_20' title='bbox 1058 479 1327 538; x_wconf 77' lang='lat' dir='ltr'>Egolismam</span> <span class='ocrx_word' id='word_1_21' title='bbox 1362 479 1479 520; x_wconf 72' lang='lat' dir='ltr'>venit</span> <span class='ocrx_word' id='word_1_22' title='bbox 1527 479 1580 521; x_wconf 91' lang='lat' dir='ltr'>ad</span> <span class='ocrx_word' id='word_1_23' title='bbox 1627 480 1850 523; x_wconf 82' lang='lat' dir='ltr'>Ilduinum</span> 
     </span>
     <span class='ocr_line' id='line_1_8' title="bbox 353 550 1850 606; baseline 0.003 -16"><span class='ocrx_word' id='word_1_24' title='bbox 353 551 575 591; x_wconf 84' lang='lat' dir='ltr'>comitem.</span> <span class='ocrx_word' id='word_1_25' title='bbox 609 552 705 606; x_wconf 87' lang='lat' dir='ltr'>Ipse</span> <span class='ocrx_word' id='word_1_26' title='bbox 728 567 830 591; x_wconf 75' lang='lat' dir='ltr'>vero</span> <span class='ocrx_word' id='word_1_27' title='bbox 853 559 956 591; x_wconf 80' lang='lat' dir='ltr'>tunc</span> <span class='ocrx_word' id='word_1_28' title='bbox 982 550 1159 591; x_wconf 79' lang='lat' dir='ltr'>donavit</span> <span class='ocrx_word' id='word_1_29' title='bbox 1191 552 1352 592; x_wconf 85' lang='lat' dir='ltr'>Sancto</span> <span class='ocrx_word' id='word_1_30' title='bbox 1375 550 1575 593; x_wconf 80' lang='lat' dir='ltr'>Mareiali</span> <span class='ocrx_word' id='word_1_31' title='bbox 1616 552 1850 594; x_wconf 88' lang='lat' dir='ltr'>ecclesiam</span> 
     </span>
     <span class='ocr_line' id='line_1_9' title="bbox 355 621 1851 684; baseline 0.002 -22"><span class='ocrx_word' id='word_1_32' title='bbox 355 623 540 663; x_wconf 82' lang='lat' dir='ltr'>Sanctae</span> <span class='ocrx_word' id='word_1_33' title='bbox 564 622 727 662; x_wconf 77' lang='lat' dir='ltr'>Mariae</span> <span class='ocrx_word' id='word_1_34' title='bbox 751 622 794 662; x_wconf 90' lang='lat' dir='ltr'>in</span> <span class='ocrx_word' id='word_1_35' title='bbox 816 622 1044 663; x_wconf 84' lang='lat' dir='ltr'>territorio</span> <span class='ocrx_word' id='word_1_36' title='bbox 1062 621 1385 682; x_wconf 77' lang='lat' dir='ltr'>Burdegalensi</span> <span class='ocrx_word' id='word_1_37' title='bbox 1408 638 1506 663; x_wconf 86' lang='lat' dir='ltr'>cum</span> <span class='ocrx_word' id='word_1_38' title='bbox 1526 622 1669 664; x_wconf 87' lang='lat' dir='ltr'>insula</span> <span class='ocrx_word' id='word_1_39' title='bbox 1691 640 1851 684; x_wconf 84' lang='lat' dir='ltr'>magna</span> 
     </span>
     <span class='ocr_line' id='line_1_10' title="bbox 353 693 1854 751; baseline 0.002 -17"><span class='ocrx_word' id='word_1_40' title='bbox 353 693 623 744; x_wconf 78' lang='lat' dir='ltr'>Dornoniae,</span> <span class='ocrx_word' id='word_1_41' title='bbox 661 693 704 734; x_wconf 90' lang='lat' dir='ltr'>in</span> <span class='ocrx_word' id='word_1_42' title='bbox 745 710 828 751; x_wconf 86' lang='lat' dir='ltr'>qua</span> <span class='ocrx_word' id='word_1_43' title='bbox 857 703 921 734; x_wconf 85' lang='lat' dir='ltr'>est</span> <span class='ocrx_word' id='word_1_44' title='bbox 951 693 1049 738; x_wconf 78' lang='lat' dir='ltr'>sita.</span> <span class='ocrx_word' id='word_1_45' title='bbox 1079 703 1120 735; x_wconf 77' lang='lat' dir='ltr'>et</span> <span class='ocrx_word' id='word_1_46' title='bbox 1149 703 1215 735; x_wconf 87' lang='lat' dir='ltr'>est</span> <span class='ocrx_word' id='word_1_47' title='bbox 1243 694 1339 750; x_wconf 89' lang='lat' dir='ltr'>ipsa</span> <span class='ocrx_word' id='word_1_48' title='bbox 1367 693 1509 735; x_wconf 84' lang='lat' dir='ltr'>insula</span> <span class='ocrx_word' id='word_1_49' title='bbox 1543 694 1609 735; x_wconf 75' lang='lat' dir='ltr'>vel</span> <span class='ocrx_word' id='word_1_50' title='bbox 1638 695 1854 737; x_wconf 87' lang='lat' dir='ltr'>aecclesia</span> 
     </span>
     <span class='ocr_line' id='line_1_11' title="bbox 354 765 1853 822; baseline 0.001 -17"><span class='ocrx_word' id='word_1_51' title='bbox 354 782 440 805; x_wconf 92' lang='lat' dir='ltr'>uno</span> <span class='ocrx_word' id='word_1_52' title='bbox 464 765 560 822; x_wconf 88' lang='lat' dir='ltr'>plus</span> <span class='ocrx_word' id='word_1_53' title='bbox 589 765 778 806; x_wconf 88' lang='lat' dir='ltr'>miliario</span> <span class='ocrx_word' id='word_1_54' title='bbox 801 782 822 807; x_wconf 89' lang='lat' dir='ltr'>a</span> <span class='ocrx_word' id='word_1_55' title='bbox 854 775 998 807; x_wconf 84' lang='lat' dir='ltr'>castro</span> <span class='ocrx_word' id='word_1_56' title='bbox 1020 765 1279 816; x_wconf 83' lang='lat' dir='ltr'>Fronciaco,</span> <span class='ocrx_word' id='word_1_57' title='bbox 1318 765 1435 822; x_wconf 87' lang='lat' dir='ltr'>quod</span> <span class='ocrx_word' id='word_1_58' title='bbox 1459 774 1552 806; x_wconf 86' lang='lat' dir='ltr'>erat</span> <span class='ocrx_word' id='word_1_59' title='bbox 1580 765 1624 806; x_wconf 90' lang='lat' dir='ltr'>in</span> <span class='ocrx_word' id='word_1_60' title='bbox 1654 766 1853 807; x_wconf 86' lang='lat' dir='ltr'>dominio</span> 
     </span>
     <span class='ocr_line' id='line_1_12' title="bbox 355 836 1855 894; baseline 0.002 -17"><span class='ocrx_word' id='word_1_61' title='bbox 355 836 640 893; x_wconf 77' lang='lat' dir='ltr'>proprietatis</span> <span class='ocrx_word' id='word_1_62' title='bbox 664 837 907 894; x_wconf 83' lang='lat' dir='ltr'>supradicti</span> <span class='ocrx_word' id='word_1_63' title='bbox 929 837 1105 879; x_wconf 86' lang='lat' dir='ltr'>comitis</span> <span class='ocrx_word' id='word_1_64' title='bbox 1128 854 1226 878; x_wconf 92' lang='lat' dir='ltr'>cum</span> <span class='ocrx_word' id='word_1_65' title='bbox 1250 837 1455 878; x_wconf 84' lang='lat' dir='ltr'>omnibus</span> <span class='ocrx_word' id='word_1_66' title='bbox 1479 837 1523 877; x_wconf 88' lang='lat' dir='ltr'>in</span> <span class='ocrx_word' id='word_1_67' title='bbox 1552 837 1742 879; x_wconf 86' lang='lat' dir='ltr'>circuitu</span> <span class='ocrx_word' id='word_1_68' title='bbox 1768 847 1855 880; x_wconf 91' lang='lat' dir='ltr'>ter-</span> 
     </span>
     <span class='ocr_line' id='line_1_13' title="bbox 354 908 1855 966; baseline 0.001 -17"><span class='ocrx_word' id='word_1_69' title='bbox 354 909 414 950; x_wconf 90' lang='lat' dir='ltr'>ris</span> <span class='ocrx_word' id='word_1_70' title='bbox 437 918 479 950; x_wconf 90' lang='lat' dir='ltr'>et</span> <span class='ocrx_word' id='word_1_71' title='bbox 507 909 716 950; x_wconf 80' lang='lat' dir='ltr'>castellis.</span> <span class='ocrx_word' id='word_1_72' title='bbox 750 911 889 962; x_wconf 85' lang='lat' dir='ltr'>Quam</span> <span class='ocrx_word' id='word_1_73' title='bbox 918 909 1247 966; x_wconf 86' lang='lat' dir='ltr'>possessionem</span> <span class='ocrx_word' id='word_1_74' title='bbox 1274 908 1496 950; x_wconf 84' lang='lat' dir='ltr'>retinebat</span> <span class='ocrx_word' id='word_1_75' title='bbox 1520 925 1572 950; x_wconf 80' lang='lat' dir='ltr'>ex</span> <span class='ocrx_word' id='word_1_76' title='bbox 1601 910 1700 966; x_wconf 88' lang='lat' dir='ltr'>jure</span> <span class='ocrx_word' id='word_1_77' title='bbox 1725 910 1855 952; x_wconf 88' lang='lat' dir='ltr'>here-</span> 
     </span>
     <span class='ocr_line' id='line_1_14' title="bbox 354 980 1855 1031; baseline 0.001 -10"><span class='ocrx_word' id='word_1_78' title='bbox 354 980 515 1021; x_wconf 89' lang='lat' dir='ltr'>ditario</span> <span class='ocrx_word' id='word_1_79' title='bbox 537 981 686 1021; x_wconf 81' lang='lat' dir='ltr'>uxoris</span> <span class='ocrx_word' id='word_1_80' title='bbox 710 997 810 1022; x_wconf 86' lang='lat' dir='ltr'>suae</span> <span class='ocrx_word' id='word_1_81' title='bbox 834 981 1154 1031; x_wconf 72' lang='lat' dir='ltr'>nobilissimae,</span> <span class='ocrx_word' id='word_1_82' title='bbox 1181 980 1432 1021; x_wconf 84' lang='lat' dir='ltr'>comitissae</span> <span class='ocrx_word' id='word_1_83' title='bbox 1455 980 1647 1022; x_wconf 79' lang='lat' dir='ltr'>Alaiziae</span> <span class='ocrx_word' id='word_1_84' title='bbox 1667 982 1695 1022; x_wconf 89' lang='lat'>¹.</span> <span class='ocrx_word' id='word_1_85' title='bbox 1724 982 1855 1023; x_wconf 86' lang='lat' dir='ltr'>Pater</span> 
     </span>
     <span class='ocr_line' id='line_1_15' title="bbox 353 1052 1856 1110; baseline 0.001 -17"><span class='ocrx_word' id='word_1_86' title='bbox 353 1068 456 1094; x_wconf 78' lang='lat' dir='ltr'>vcro</span> <span class='ocrx_word' id='word_1_87' title='bbox 479 1054 573 1109; x_wconf 87' lang='lat' dir='ltr'>ejus</span> <span class='ocrx_word' id='word_1_88' title='bbox 595 1053 847 1097; x_wconf 57' lang='lat' dir='ltr'>XYillelmus</span> <span class='ocrx_word' id='word_1_89' title='bbox 876 1070 1080 1095; x_wconf 74' lang='lat' dir='ltr'>reversus</span> <span class='ocrx_word' id='word_1_90' title='bbox 1103 1070 1125 1094; x_wconf 90' lang='lat' dir='ltr'>a</span> <span class='ocrx_word' id='word_1_91' title='bbox 1148 1052 1472 1099; x_wconf 78' lang='lat' dir='ltr'>Hierosolimis.</span> <span class='ocrx_word' id='word_1_92' title='bbox 1507 1052 1656 1094; x_wconf 81' lang='lat' dir='ltr'>multis</span> <span class='ocrx_word' id='word_1_93' title='bbox 1692 1053 1856 1110; x_wconf 87' lang='lat' dir='ltr'>princi-</span> 
     </span>
     <span class='ocr_line' id='line_1_16' title="bbox 353 1123 1854 1182; baseline 0.001 -17"><span class='ocrx_word' id='word_1_94' title='bbox 353 1124 519 1181; x_wconf 85' lang='lat' dir='ltr'>pibusm</span> <span class='ocrx_word' id='word_1_95' title='bbox 553 1125 717 1165; x_wconf 86' lang='lat' dir='ltr'>bonum</span> <span class='ocrx_word' id='word_1_96' title='bbox 753 1124 833 1166; x_wconf 85' lang='lat' dir='ltr'>fuit</span> <span class='ocrx_word' id='word_1_97' title='bbox 868 1125 1134 1182; x_wconf 79' lang='lat' dir='ltr'>exemplum.</span> <span class='ocrx_word' id='word_1_98' title='bbox 1167 1124 1410 1165; x_wconf 81' lang='lat' dir='ltr'>Confestim</span> <span class='ocrx_word' id='word_1_99' title='bbox 1435 1123 1552 1165; x_wconf 88' lang='lat' dir='ltr'>enim</span> <span class='ocrx_word' id='word_1_100' title='bbox 1576 1124 1854 1176; x_wconf 86' lang='lat' dir='ltr'>Isimbertus,</span> 
     </span>
     <span class='ocr_line' id='line_1_17' title="bbox 354 1196 1854 1253; baseline 0.001 -16"><span class='ocrx_word' id='word_1_101' title='bbox 354 1196 589 1253; x_wconf 88' lang='lat' dir='ltr'>episcopus</span> <span class='ocrx_word' id='word_1_102' title='bbox 630 1196 902 1248; x_wconf 76' lang='lat' dir='ltr'>pictavinus,</span> <span class='ocrx_word' id='word_1_103' title='bbox 946 1206 988 1238; x_wconf 90' lang='lat' dir='ltr'>et</span> <span class='ocrx_word' id='word_1_104' title='bbox 1022 1196 1239 1238; x_wconf 90' lang='lat' dir='ltr'>Jordanus</span> <span class='ocrx_word' id='word_1_105' title='bbox 1293 1196 1530 1253; x_wconf 88' lang='lat' dir='ltr'>episcopus</span> <span class='ocrx_word' id='word_1_106' title='bbox 1577 1197 1854 1249; x_wconf 85' lang='lat' dir='ltr'>Lemovicus,</span> 
     </span>
     <span class='ocr_line' id='line_1_18' title="bbox 355 1263 1858 1327; baseline 0.001 -18"><span class='ocrx_word' id='word_1_107' title='bbox 355 1277 397 1309; x_wconf 86' lang='lat' dir='ltr'>et</span> <span class='ocrx_word' id='word_1_108' title='bbox 433 1284 580 1310; x_wconf 86' lang='lat' dir='ltr'>comes</span> <span class='ocrx_word' id='word_1_109' title='bbox 614 1268 767 1321; x_wconf 89' lang='lat' dir='ltr'>Fulco,</span> <span class='ocrx_word' id='word_1_110' title='bbox 799 1263 1039 1327; x_wconf 74' lang='lat' dir='ltr'>pluresque</span> <span class='ocrx_word' id='word_1_111' title='bbox 1069 1268 1341 1326; x_wconf 70' lang='lat' dir='ltr'>primatumn</span> <span class='ocrx_word' id='word_1_112' title='bbox 1382 1267 1723 1309; x_wconf 87' lang='lat' dir='ltr'>Hierosolimam</span> <span class='ocrx_word' id='word_1_113' title='bbox 1764 1278 1858 1311; x_wconf 91' lang='lat' dir='ltr'>ten-</span> 
     </span>
     <span class='ocr_line' id='line_1_19' title="bbox 355 1340 480 1382; baseline 0.008 -1"><span class='ocrx_word' id='word_1_114' title='bbox 355 1340 480 1382; x_wconf 85' lang='lat' dir='ltr'>dunt.</span> 
     </span>
    </p>

    <p class='ocr_par' dir='ltr' id='par_1_7' title="bbox 355 1411 1860 2193">
     <span class='ocr_line' id='line_1_20' title="bbox 414 1411 1857 1472; baseline 0.001 -19"><span class='ocrx_word' id='word_1_115' title='bbox 414 1413 551 1457; x_wconf 60' lang='lat'>69—</span> <span class='ocrx_word' id='word_1_116' title='bbox 572 1412 649 1454; x_wconf 91' lang='lat' dir='ltr'>His</span> <span class='ocrx_word' id='word_1_117' title='bbox 672 1412 830 1454; x_wconf 85' lang='lat' dir='ltr'>diebus</span> <span class='ocrx_word' id='word_1_118' title='bbox 853 1412 1091 1454; x_wconf 87' lang='lat' dir='ltr'>concilium</span> <span class='ocrx_word' id='word_1_119' title='bbox 1114 1411 1373 1472; x_wconf 72' lang='lat' dir='ltr'>adgregavit</span> <span class='ocrx_word' id='word_1_120' title='bbox 1396 1411 1710 1469; x_wconf 88' lang='lat' dir='ltr'>episcoporum</span> <span class='ocrx_word' id='word_1_121' title='bbox 1727 1421 1769 1454; x_wconf 89' lang='lat' dir='ltr'>et</span> <span class='ocrx_word' id='word_1_122' title='bbox 1785 1413 1857 1455; x_wconf 88' lang='lat' dir='ltr'>ab·</span> 
     </span>
     <span class='ocr_line' id='line_1_21' title="bbox 356 1483 1858 1542; baseline 0 -16"><span class='ocrx_word' id='word_1_123' title='bbox 356 1485 506 1526; x_wconf 82' lang='lat' dir='ltr'>batum</span> <span class='ocrx_word' id='word_1_124' title='bbox 528 1484 617 1526; x_wconf 82' lang='lat' dir='ltr'>dux</span> <span class='ocrx_word' id='word_1_125' title='bbox 638 1484 891 1528; x_wconf 53' lang='lat' dir='ltr'>W‘illelmus</span> <span class='ocrx_word' id='word_1_126' title='bbox 923 1483 1039 1542; x_wconf 90' lang='lat' dir='ltr'>apud</span> <span class='ocrx_word' id='word_1_127' title='bbox 1076 1493 1276 1525; x_wconf 87' lang='lat' dir='ltr'>sanctum</span> <span class='ocrx_word' id='word_1_128' title='bbox 1306 1483 1538 1524; x_wconf 86' lang='lat' dir='ltr'>Carrosum</span> <span class='ocrx_word' id='word_1_129' title='bbox 1572 1493 1756 1541; x_wconf 88' lang='lat' dir='ltr'>propter</span> <span class='ocrx_word' id='word_1_130' title='bbox 1789 1500 1858 1526; x_wconf 82' lang='lat' dir='ltr'>ex-</span> 
     </span>
     <span class='ocr_line' id='line_1_22' title="bbox 355 1555 1858 1617; baseline 0 -19"><span class='ocrx_word' id='word_1_131' title='bbox 355 1557 622 1617; x_wconf 80' lang='lat' dir='ltr'>tinguendas</span> <span class='ocrx_word' id='word_1_132' title='bbox 646 1557 871 1608; x_wconf 83' lang='lat' dir='ltr'>haereses,</span> <span class='ocrx_word' id='word_1_133' title='bbox 898 1573 1008 1614; x_wconf 88' lang='lat' dir='ltr'>quae</span> <span class='ocrx_word' id='word_1_134' title='bbox 1031 1557 1162 1616; x_wconf 77' lang='lat' dir='ltr'>vulgo</span> <span class='ocrx_word' id='word_1_135' title='bbox 1185 1573 1207 1597; x_wconf 92' lang='lat' dir='ltr'>a</span> <span class='ocrx_word' id='word_1_136' title='bbox 1230 1555 1477 1597; x_wconf 85' lang='lat' dir='ltr'>Manicheis</span> <span class='ocrx_word' id='word_1_137' title='bbox 1507 1555 1858 1598; x_wconf 87' lang='lat' dir='ltr'>disseminaban-</span> 
     </span>
     <span class='ocr_line' id='line_1_23' title="bbox 355 1628 1859 1686; baseline 0 -15"><span class='ocrx_word' id='word_1_138' title='bbox 355 1639 442 1671; x_wconf 87' lang='lat' dir='ltr'>tur.</span> <span class='ocrx_word' id='word_1_139' title='bbox 464 1630 530 1671; x_wconf 90' lang='lat' dir='ltr'>Ibi</span> <span class='ocrx_word' id='word_1_140' title='bbox 558 1629 794 1671; x_wconf 88' lang='lat' dir='ltr'>adfuerunt</span> <span class='ocrx_word' id='word_1_141' title='bbox 816 1646 970 1671; x_wconf 86' lang='lat' dir='ltr'>omnes</span> <span class='ocrx_word' id='word_1_142' title='bbox 992 1628 1256 1686; x_wconf 87' lang='lat' dir='ltr'>Aquitaniae</span> <span class='ocrx_word' id='word_1_143' title='bbox 1294 1628 1538 1686; x_wconf 87' lang='lat' dir='ltr'>principes,</span> <span class='ocrx_word' id='word_1_144' title='bbox 1564 1628 1726 1685; x_wconf 90' lang='lat' dir='ltr'>quibus</span> <span class='ocrx_word' id='word_1_145' title='bbox 1762 1645 1859 1686; x_wconf 88' lang='lat' dir='ltr'>pre-</span> 
     </span>
     <span class='ocr_line' id='line_1_24' title="bbox 357 1700 1854 1758; baseline 0 -16"><span class='ocrx_word' id='word_1_146' title='bbox 357 1701 475 1758; x_wconf 91' lang='lat' dir='ltr'>cepit</span> <span class='ocrx_word' id='word_1_147' title='bbox 491 1718 644 1758; x_wconf 85' lang='lat' dir='ltr'>pacem</span> <span class='ocrx_word' id='word_1_148' title='bbox 667 1700 843 1743; x_wconf 88' lang='lat' dir='ltr'>firmare</span> <span class='ocrx_word' id='word_1_149' title='bbox 867 1711 909 1743; x_wconf 86' lang='lat' dir='ltr'>et</span> <span class='ocrx_word' id='word_1_150' title='bbox 943 1700 1202 1742; x_wconf 85' lang='lat' dir='ltr'>aecclesiam</span> <span class='ocrx_word' id='word_1_151' title='bbox 1233 1700 1316 1741; x_wconf 90' lang='lat' dir='ltr'>Dei</span> <span class='ocrx_word' id='word_1_152' title='bbox 1350 1700 1613 1741; x_wconf 87' lang='lat' dir='ltr'>catholicam</span> <span class='ocrx_word' id='word_1_153' title='bbox 1635 1700 1854 1742; x_wconf 80' lang='lat' dir='ltr'>venerari.</span> 
     </span>
     <span class='ocr_line' id='line_1_25' title="bbox 360 1771 1859 1833; baseline -0.001 -18"><span class='ocrx_word' id='word_1_154' title='bbox 360 1773 547 1833; x_wconf 83' lang='lat' dir='ltr'>Signino</span> <span class='ocrx_word' id='word_1_155' title='bbox 574 1789 678 1815; x_wconf 91' lang='lat' dir='ltr'>vero</span> <span class='ocrx_word' id='word_1_156' title='bbox 702 1772 1027 1833; x_wconf 81' lang='lat' dir='ltr'>Burdegalensi</span> <span class='ocrx_word' id='word_1_157' title='bbox 1050 1772 1258 1814; x_wconf 88' lang='lat' dir='ltr'>defuncto</span> <span class='ocrx_word' id='word_1_158' title='bbox 1290 1771 1648 1829; x_wconf 87' lang='lat' dir='ltr'>archiepiscopo,</span> <span class='ocrx_word' id='word_1_159' title='bbox 1687 1781 1729 1813; x_wconf 87' lang='lat' dir='ltr'>et</span> <span class='ocrx_word' id='word_1_160' title='bbox 1751 1771 1859 1813; x_wconf 86' lang='lat' dir='ltr'>Acio</span> 
     </span>
     <span class='ocr_line' id='line_1_26' title="bbox 358 1843 1860 1904; baseline -0.001 -18"><span class='ocrx_word' id='word_1_161' title='bbox 358 1854 459 1901; x_wconf 91' lang='lat' dir='ltr'>post</span> <span class='ocrx_word' id='word_1_162' title='bbox 493 1861 591 1886; x_wconf 89' lang='lat' dir='ltr'>eum</span> <span class='ocrx_word' id='word_1_163' title='bbox 624 1844 828 1886; x_wconf 81' lang='lat' dir='ltr'>ordinato</span> <span class='ocrx_word' id='word_1_164' title='bbox 853 1854 895 1886; x_wconf 87' lang='lat' dir='ltr'>et</span> <span class='ocrx_word' id='word_1_165' title='bbox 917 1861 1005 1886; x_wconf 91' lang='lat' dir='ltr'>non</span> <span class='ocrx_word' id='word_1_166' title='bbox 1022 1844 1154 1904; x_wconf 79' lang='lat' dir='ltr'>longe</span> <span class='ocrx_word' id='word_1_167' title='bbox 1178 1853 1275 1900; x_wconf 87' lang='lat' dir='ltr'>post</span> <span class='ocrx_word' id='word_1_168' title='bbox 1298 1843 1385 1884; x_wconf 71' lang='lat' dir='ltr'>vita</span> <span class='ocrx_word' id='word_1_169' title='bbox 1407 1843 1595 1900; x_wconf 71' lang='lat' dir='ltr'>privato,</span> <span class='ocrx_word' id='word_1_170' title='bbox 1622 1843 1709 1884; x_wconf 83' lang='lat' dir='ltr'>dux</span> <span class='ocrx_word' id='word_1_171' title='bbox 1726 1843 1860 1901; x_wconf 80' lang='lat' dir='ltr'>Aqui·</span> 
     </span>
     <span class='ocr_line' id='line_1_27' title="bbox 358 1916 1859 1976; baseline -0.001 -18"><span class='ocrx_word' id='word_1_172' title='bbox 358 1918 502 1959; x_wconf 84' lang='lat' dir='ltr'>taniae</span> <span class='ocrx_word' id='word_1_173' title='bbox 518 1917 772 1962; x_wconf 66' lang='lat' dir='ltr'>willelmus</span> <span class='ocrx_word' id='word_1_174' title='bbox 797 1927 839 1959; x_wconf 89' lang='lat' dir='ltr'>et</span> <span class='ocrx_word' id='word_1_175' title='bbox 867 1917 955 1959; x_wconf 76' lang='lat' dir='ltr'>dux</span> <span class='ocrx_word' id='word_1_176' title='bbox 977 1917 1240 1961; x_wconf 57' lang='lat' dir='ltr'>XYasconiae</span> <span class='ocrx_word' id='word_1_177' title='bbox 1266 1916 1470 1967; x_wconf 87' lang='lat' dir='ltr'>Sancius,</span> <span class='ocrx_word' id='word_1_178' title='bbox 1491 1916 1736 1976; x_wconf 85' lang='lat' dir='ltr'>adgregato</span> <span class='ocrx_word' id='word_1_179' title='bbox 1759 1932 1859 1957; x_wconf 91' lang='lat' dir='ltr'>con-</span> 
     </span>
     <span class='ocr_line' id='line_1_28' title="bbox 358 1986 1860 2046; baseline -0.001 -16"><span class='ocrx_word' id='word_1_180' title='bbox 358 1998 491 2031; x_wconf 79' lang='lat' dir='ltr'>ventu</span> <span class='ocrx_word' id='word_1_181' title='bbox 513 1988 632 2046; x_wconf 92' lang='lat' dir='ltr'>apud</span> <span class='ocrx_word' id='word_1_182' title='bbox 654 1988 866 2039; x_wconf 71' lang='lat' dir='ltr'>Blaviam,</span> <span class='ocrx_word' id='word_1_183' title='bbox 898 1988 1228 2030; x_wconf 85' lang='lat' dir='ltr'>constituerunt</span> <span class='ocrx_word' id='word_1_184' title='bbox 1250 1987 1640 2044; x_wconf 90' lang='lat' dir='ltr'>archiepiscopum</span> <span class='ocrx_word' id='word_1_185' title='bbox 1670 1986 1860 2029; x_wconf 87' lang='lat' dir='ltr'>Gotefri-</span> 
     </span>
     <span class='ocr_line' id='line_1_29' title="bbox 360 2058 1860 2113; baseline -0.001 -11"><span class='ocrx_word' id='word_1_186' title='bbox 360 2061 481 2109; x_wconf 78' lang='lat' dir='ltr'>dum,</span> <span class='ocrx_word' id='word_1_187' title='bbox 526 2061 704 2102; x_wconf 86' lang='lat' dir='ltr'>natione</span> <span class='ocrx_word' id='word_1_188' title='bbox 733 2061 970 2112; x_wconf 88' lang='lat' dir='ltr'>Francum,</span> <span class='ocrx_word' id='word_1_189' title='bbox 1016 2060 1213 2102; x_wconf 86' lang='lat' dir='ltr'>moribus</span> <span class='ocrx_word' id='word_1_190' title='bbox 1248 2060 1502 2101; x_wconf 85' lang='lat' dir='ltr'>honestum.</span> <span class='ocrx_word' id='word_1_191' title='bbox 1530 2059 1616 2113; x_wconf 90' lang='lat' dir='ltr'>Qui</span> <span class='ocrx_word' id='word_1_192' title='bbox 1656 2058 1823 2100; x_wconf 85' lang='lat' dir='ltr'>ibidem</span> <span class='ocrx_word' id='word_1_193' title='bbox 1846 2065 1860 2081; x_wconf 91' lang='lat'><strong>⁰</strong></span> 
     </span>
     <span class='ocr_line' id='line_1_30' title="bbox 362 2131 1420 2193; baseline -0.003 -18"><span class='ocrx_word' id='word_1_194' title='bbox 362 2143 646 2175; x_wconf 87' lang='lat' dir='ltr'>consecratus</span> <span class='ocrx_word' id='word_1_195' title='bbox 669 2141 735 2174; x_wconf 84' lang='lat' dir='ltr'>est</span> <span class='ocrx_word' id='word_1_196' title='bbox 757 2149 779 2174; x_wconf 91' lang='lat' dir='ltr'>a</span> <span class='ocrx_word' id='word_1_197' title='bbox 803 2132 1096 2193; x_wconf 83' lang='lat' dir='ltr'>suffraganeis</span> <span class='ocrx_word' id='word_1_198' title='bbox 1112 2138 1127 2160; x_wconf 70' lang='grc' dir='ltr'><em>Ρ</em></span> <span class='ocrx_word' id='word_1_199' title='bbox 1150 2131 1373 2189; x_wconf 87' lang='lat' dir='ltr'>episeopis</span> <span class='ocrx_word' id='word_1_200' title='bbox 1390 2140 1420 2172; x_wconf 62' lang='lat'>1¹.</span> 
     </span>
    </p>

    <p class='ocr_par' dir='ltr' id='par_1_8' title="bbox 361 2202 1860 2335">
     <span class='ocr_line' id='line_1_31' title="bbox 422 2202 1858 2264; baseline -0.004 -15"><span class='ocrx_word' id='word_1_201' title='bbox 422 2206 491 2250; x_wconf 80' lang='lat'>70.</span> <span class='ocrx_word' id='word_1_202' title='bbox 529 2233 587 2237; x_wconf 89' lang='lat'><strong>—</strong></span> <span class='ocrx_word' id='word_1_203' title='bbox 619 2208 713 2248; x_wconf 81' lang='lat' dir='ltr'>Rex</span> <span class='ocrx_word' id='word_1_204' title='bbox 746 2221 922 2264; x_wconf 83' lang='lat' dir='ltr'>quoque</span> <span class='ocrx_word' id='word_1_205' title='bbox 950 2206 1166 2246; x_wconf 78' lang='lat' dir='ltr'>Navarrae</span> <span class='ocrx_word' id='word_1_206' title='bbox 1198 2204 1430 2255; x_wconf 72' lang='lat' dir='ltr'>sancius2‚</span> <span class='ocrx_word' id='word_1_207' title='bbox 1467 2202 1680 2244; x_wconf 87' lang='lat' dir='ltr'>adhibitis</span> <span class='ocrx_word' id='word_1_208' title='bbox 1709 2218 1858 2244; x_wconf 87' lang='lat' dir='ltr'>secum</span> 
     </span>
     <span class='ocr_line' id='line_1_32' title="bbox 361 2273 1860 2335; baseline -0.004 -15"><span class='ocrx_word' id='word_1_209' title='bbox 361 2277 673 2329; x_wconf 77' lang='lat' dir='ltr'>wasconibus,</span> <span class='ocrx_word' id='word_1_210' title='bbox 699 2294 832 2335; x_wconf 88' lang='lat' dir='ltr'>super</span> <span class='ocrx_word' id='word_1_211' title='bbox 858 2279 1126 2319; x_wconf 84' lang='lat' dir='ltr'>Sarracenos</span> <span class='ocrx_word' id='word_1_212' title='bbox 1150 2276 1393 2318; x_wconf 82' lang='lat' dir='ltr'>exercitum</span> <span class='ocrx_word' id='word_1_213' title='bbox 1416 2275 1555 2325; x_wconf 84' lang='lat' dir='ltr'>duxit,</span> <span class='ocrx_word' id='word_1_214' title='bbox 1578 2283 1620 2316; x_wconf 90' lang='lat' dir='ltr'>et</span> <span class='ocrx_word' id='word_1_215' title='bbox 1636 2273 1860 2316; x_wconf 82' lang='lat' dir='ltr'>devastata</span> 
     </span>
    </p>
   </div>
   <div class='ocr_carea' id='block_1_7' title="bbox 355 2405 1857 2618">
    <p class='ocr_par' dir='ltr' id='par_1_9' title="bbox 355 2405 1857 2618">
     <span class='ocr_line' id='line_1_33' title="bbox 397 2405 1857 2449; baseline -0.004 -9"><span class='ocrx_word' id='word_1_216' title='bbox 397 2411 443 2442; x_wconf 48' lang='lat' dir='ltr'>ml</span> <span class='ocrx_word' id='word_1_217' title='bbox 459 2410 650 2444; x_wconf 74' lang='lat' dir='ltr'>nobilibus,</span> <span class='ocrx_word' id='word_1_218' title='bbox 668 2409 902 2439; x_wconf 84' lang='lat' dir='ltr'>mediocribus</span> <span class='ocrx_word' id='word_1_219' title='bbox 925 2413 955 2438; x_wconf 74' lang='lat' dir='ltr'>et</span> <span class='ocrx_word' id='word_1_220' title='bbox 976 2408 1193 2449; x_wconf 81' lang='lat' dir='ltr'>pauperibus</span> <span class='ocrx_word' id='word_1_221' title='bbox 1216 2408 1239 2438; x_wconf 93' lang='lat' dir='ltr'>C</span> <span class='ocrx_word' id='word_1_222' title='bbox 1255 2431 1262 2440; x_wconf 93' lang='lat'><strong><em>.</em></strong></span> <span class='ocrx_word' id='word_1_223' title='bbox 1289 2426 1325 2430; x_wconf 90' lang='lat'>—</span> <span class='ocrx_word' id='word_1_224' title='bbox 1341 2408 1376 2447; x_wconf 82' lang='lat' dir='ltr'>n)</span> <span class='ocrx_word' id='word_1_225' title='bbox 1390 2410 1422 2437; x_wconf 88' lang='lat' dir='ltr'>et</span> <span class='ocrx_word' id='word_1_226' title='bbox 1435 2406 1573 2436; x_wconf 87' lang='lat' dir='ltr'>infinita</span> <span class='ocrx_word' id='word_1_227' title='bbox 1584 2405 1772 2435; x_wconf 82' lang='lat' dir='ltr'>multitudo</span> <span class='ocrx_word' id='word_1_228' title='bbox 1783 2416 1857 2435; x_wconf 88' lang='lat' dir='ltr'>me—</span> 
     </span>
     <span class='ocr_line' id='line_1_34' title="bbox 355 2448 1856 2492; baseline -0.004 -10"><span class='ocrx_word' id='word_1_229' title='bbox 355 2453 526 2482; x_wconf 68' lang='lat' dir='ltr'>‹Hocrhnn</span> <span class='ocrx_word' id='word_1_230' title='bbox 560 2457 593 2482; x_wconf 87' lang='lat' dir='ltr'>et</span> <span class='ocrx_word' id='word_1_231' title='bbox 625 2462 821 2492; x_wconf 73' lang='lat' dir='ltr'>pauperun]</span> <span class='ocrx_word' id='word_1_232' title='bbox 849 2462 888 2480; x_wconf 84' lang='lat' dir='ltr'>ac</span> <span class='ocrx_word' id='word_1_233' title='bbox 916 2450 1065 2481; x_wconf 63' lang='lat' dir='ltr'>divstuni</span> <span class='ocrx_word' id='word_1_234' title='bbox 1093 2450 1235 2481; x_wconf 79' lang='lat' dir='ltr'>add.C.</span> <span class='ocrx_word' id='word_1_235' title='bbox 1258 2466 1296 2472; x_wconf 91' lang='lat'>-</span> <span class='ocrx_word' id='word_1_236' title='bbox 1318 2449 1460 2489; x_wconf 85' lang='lat' dir='ltr'>0)apud</span> <span class='ocrx_word' id='word_1_237' title='bbox 1479 2448 1856 2478; x_wconf 63' lang='lat' dir='ltr'>SanctuniRouuunun</span> 
     </span>
     <span class='ocr_line' id='line_1_35' title="bbox 356 2488 1855 2534; baseline -0.003 -11"><span class='ocrx_word' id='word_1_238' title='bbox 356 2495 437 2525; x_wconf 73' lang='lat' dir='ltr'>add.</span> <span class='ocrx_word' id='word_1_239' title='bbox 468 2495 503 2525; x_wconf 73' lang='grc' dir='ltr'>(Ι.</span> <span class='ocrx_word' id='word_1_240' title='bbox 527 2512 566 2516; x_wconf 91' lang='grc'><strong>-</strong></span> <span class='ocrx_word' id='word_1_241' title='bbox 586 2494 621 2534; x_wconf 59' lang='lat' dir='ltr'>p]</span> <span class='ocrx_word' id='word_1_242' title='bbox 647 2492 832 2523; x_wconf 79' lang='lat' dir='ltr'>suffraneis</span> <span class='ocrx_word' id='word_1_243' title='bbox 850 2494 886 2522; x_wconf 78' lang='lat' dir='ltr'>A.</span> <span class='ocrx_word' id='word_1_244' title='bbox 909 2510 951 2515; x_wconf 93' lang='lat'><strong>—</strong></span> <span class='ocrx_word' id='word_1_245' title='bbox 971 2494 1004 2533; x_wconf 59' lang='lat' dir='ltr'>q)</span> <span class='ocrx_word' id='word_1_246' title='bbox 1026 2492 1113 2522; x_wconf 75' lang='lat' dir='ltr'>Nam</span> <span class='ocrx_word' id='word_1_247' title='bbox 1136 2492 1232 2521; x_wconf 79' lang='lat' dir='ltr'>Hislo</span> <span class='ocrx_word' id='word_1_248' title='bbox 1253 2491 1440 2531; x_wconf 83' lang='lat' dir='ltr'>episcopus</span> <span class='ocrx_word' id='word_1_249' title='bbox 1465 2488 1758 2523; x_wconf 76' lang='lat' dir='ltr'>Sanctonicensis,</span> <span class='ocrx_word' id='word_1_250' title='bbox 1794 2488 1855 2529; x_wconf 86' lang='lat' dir='ltr'>qui</span> 
     </span>
     <span class='ocr_line' id='line_1_36' title="bbox 355 2530 1855 2576; baseline -0.004 -11"><span class='ocrx_word' id='word_1_251' title='bbox 355 2536 698 2576; x_wconf 66' lang='lat' dir='ltr'>arehiepiscopatum</span> <span class='ocrx_word' id='word_1_252' title='bbox 718 2535 835 2575; x_wconf 76' lang='lat' dir='ltr'>ipsum</span> <span class='ocrx_word' id='word_1_253' title='bbox 857 2538 1072 2574; x_wconf 76' lang='lat' dir='ltr'>susceperat.</span> <span class='ocrx_word' id='word_1_254' title='bbox 1086 2533 1223 2565; x_wconf 73' lang='lat' dir='ltr'>vivente</span> <span class='ocrx_word' id='word_1_255' title='bbox 1244 2537 1277 2563; x_wconf 85' lang='lat' dir='ltr'>et</span> <span class='ocrx_word' id='word_1_256' title='bbox 1295 2536 1440 2572; x_wconf 78' lang='lat' dir='ltr'>rogante</span> <span class='ocrx_word' id='word_1_257' title='bbox 1458 2531 1534 2561; x_wconf 80' lang='lat' dir='ltr'>Atio</span> <span class='ocrx_word' id='word_1_258' title='bbox 1556 2530 1704 2572; x_wconf 81' lang='lat' dir='ltr'>paralisi</span> <span class='ocrx_word' id='word_1_259' title='bbox 1726 2531 1855 2571; x_wconf 83' lang='lat' dir='ltr'>damp-</span> 
     </span>
     <span class='ocr_line' id='line_1_37' title="bbox 356 2573 1584 2618; baseline -0.002 -11"><span class='ocrx_word' id='word_1_260' title='bbox 356 2582 448 2612; x_wconf 76' lang='lat' dir='ltr'>nato,</span> <span class='ocrx_word' id='word_1_261' title='bbox 473 2582 595 2618; x_wconf 76' lang='lat' dir='ltr'>sponte</span> <span class='ocrx_word' id='word_1_262' title='bbox 612 2576 807 2617; x_wconf 83' lang='lat' dir='ltr'>dereliquid</span> <span class='ocrx_word' id='word_1_263' title='bbox 823 2576 1013 2606; x_wconf 87' lang='lat' dir='ltr'>secundum</span> <span class='ocrx_word' id='word_1_264' title='bbox 1042 2586 1216 2606; x_wconf 83' lang='lat' dir='ltr'>canonum</span> <span class='ocrx_word' id='word_1_265' title='bbox 1240 2574 1402 2605; x_wconf 81' lang='lat' dir='ltr'>instituta</span> <span class='ocrx_word' id='word_1_266' title='bbox 1436 2573 1517 2603; x_wconf 77' lang='lat' dir='ltr'>add.</span> <span class='ocrx_word' id='word_1_267' title='bbox 1547 2574 1584 2604; x_wconf 79' lang='lat' dir='ltr'>C.</span> 
     </span>
    </p>
   </div>
   <div class='ocr_carea' id='block_1_8' title="bbox 353 2743 1856 2873">
    <p class='ocr_par' dir='ltr' id='par_1_10' title="bbox 353 2743 1856 2873">
     <span class='ocr_line' id='line_1_38' title="bbox 396 2743 1856 2811; baseline -0.004 -30"><span class='ocrx_word' id='word_1_268' title='bbox 396 2753 424 2782; x_wconf 83' lang='lat'>1.</span> <span class='ocrx_word' id='word_1_269' title='bbox 442 2751 599 2811; x_wconf 8' lang='lat' dir='ltr'>,Aljanzicu</span> <span class='ocrx_word' id='word_1_270' title='bbox 623 2751 692 2781; x_wconf 81' lang='lat' dir='ltr'>fille</span> <span class='ocrx_word' id='word_1_271' title='bbox 711 2751 750 2781; x_wconf 85' lang='lat' dir='ltr'>de</span> <span class='ocrx_word' id='word_1_272' title='bbox 774 2750 921 2782; x_wconf 73' lang='lat' dir='ltr'>sancho,</span> <span class='ocrx_word' id='word_1_273' title='bbox 941 2749 1006 2779; x_wconf 93' lang='lat' dir='ltr'>duc</span> <span class='ocrx_word' id='word_1_274' title='bbox 1028 2749 1069 2780; x_wconf 85' lang='lat' dir='ltr'>de</span> <span class='ocrx_word' id='word_1_275' title='bbox 1084 2748 1278 2790; x_wconf 84' lang='lat' dir='ltr'>Gascogne.</span> <span class='ocrx_word' id='word_1_276' title='bbox 1306 2748 1379 2778; x_wconf 84' lang='lat' dir='ltr'>Elle</span> <span class='ocrx_word' id='word_1_277' title='bbox 1421 2746 1651 2788; x_wconf 86' lang='lat' dir='ltr'>empoisonna</span> <span class='ocrx_word' id='word_1_278' title='bbox 1683 2755 1745 2776; x_wconf 90' lang='lat' dir='ltr'>son</span> <span class='ocrx_word' id='word_1_279' title='bbox 1766 2743 1856 2775; x_wconf 84' lang='lat' dir='ltr'>mari</span> 
     </span>
     <span class='ocr_line' id='line_1_39' title="bbox 353 2794 1174 2873; baseline 0 -9"><span class='ocrx_word' id='word_1_280' title='bbox 353 2794 580 2866; x_wconf 41' lang='lat' dir='ltr'>Ueiis-Jimho</span> <span class='ocrx_word' id='word_1_281' title='bbox 603 2835 662 2866; x_wconf 84' lang='lat'>111.</span> <span class='ocrx_word' id='word_1_282' title='bbox 687 2834 736 2864; x_wconf 86' lang='lat' dir='ltr'>dit</span> <span class='ocrx_word' id='word_1_283' title='bbox 757 2834 787 2864; x_wconf 71' lang='lat'>10</span> <span class='ocrx_word' id='word_1_284' title='bbox 809 2833 925 2866; x_wconf 80' lang='lat' dir='ltr'>Grand</span> <span class='ocrx_word' id='word_1_285' title='bbox 949 2833 1174 2873; x_wconf 59' lang='lat' dir='ltr'>&lt;loeo-1035).</span> 
     </span>
    </p>
   </div>
  </div>
 </body>
</html>
