1908 3256
246 271 319 306 128
770 281 955 306 »mmmm
988 280 1230 305 cnnomcor:

243 372 406 421 quidam
426 372 474 410 de
498 370 696 410 castellis‘¹
720 371 960 408 recederent
982 383 1059 420 que
1083 369 1381 407 custodiebant.
1413 368 1634 406 Defecitad
1657 382 1746 407 eum

242 436 549 475 &Villemundus
573 436 694 474 etalii
717 435 992 486 complurese,
1017 435 1161 486 gentili
1183 435 1346 472 levitate
1369 432 1748 486 cupidi,junctique

246 501 483 540 Sarracenis
517 516 561 540 ac
603 502 775 545 Mauris,
820 500 1067 538 Ceritaniem
1092 509 1130 538 et
1170 500 1403 538 Vallensem
1434 499 1590 550 rapinis
1631 508 1751 551 atque

243 568 445 606 incendiis
486 567 635 606 cotidie
676 567 936 605 infestabant.
993 565 1044 603 Et
1084 579 1172 603 cum
1207 567 1256 603 ad
1311 579 1353 603 se
1394 565 1551 603 dandos
1592 565 1750 604 animos

246 633 472 672 Gothorum
502 643 539 672 et
577 633 857 684 Hispanorum
898 631 1111 669 Elisachar
1151 633 1277 669 abbas
1313 630 1438 669 multa
1475 631 1693 682 prudentia
1714 639 1751 669 et

245 699 419 737 consilio
441 701 668 751 prudenter
689 698 859 750 egisset,
882 697 1111 743 Benradus,
1137 710 1274 734 comes
1305 695 1568 744 Barcinonie,
1594 697 1750 749 legatos

244 765 507 816 imperatoris
531 764 759 802 sustinebat
781 771 819 801 et
850 762 996 800 Aizoni
1021 762 1137 800 valde
1169 762 1404 800 resistebat.
1446 762 1559 800 Tunc
1600 763 1751 800 missus

245 839 306 868 est
327 831 529 868 exercitus
544 831 584 867 in
606 830 798 867 auxilium
822 828 992 866 Aizonis
1015 842 1036 865 a
1057 842 1154 880 rege
1192 828 1511 866 Sarracenorum
1541 827 1752 866 Abderra-

248 910 354 941 man,
375 896 568 947 venitque
594 897 642 933 ad
667 895 1009 946 Cesaraugustam
1025 893 1048 930 f.
1075 893 1172 931 Erat
1195 893 1358 931 illorum
1372 895 1453 931 dux
1471 893 1749 938 Abumaruan‚

247 962 506 1013 propinquus
529 962 655 1012 regis,
690 970 728 999 et
763 974 810 998 ex
842 960 1182 1012 persuasionibus
1217 959 1387 997 Aizonis
1423 959 1634 997 victoriam
1675 957 1752 996 sibi

245 1027 509 1078 promittebat
549 1028 791 1065 adfuturam.
831 1026 984 1064 Contra
1020 1039 1139 1076 quem
1182 1025 1372 1076 Pipinus,
1416 1024 1636 1077 Aquitanie
1663 1037 1751 1070 rex,

246 1094 398 1144 pergit,
423 1094 494 1130 sed
518 1093 709 1131 desidia&
738 1093 885 1129 ducum
930 1092 1043 1130 tarde
1066 1092 1277 1142 profectus
1302 1099 1363 1129 est
1393 1090 1612 1129 exereitus.
1654 1089 1755 1128 Nam

247 1168 461 1209 antequam
485 1159 663 1196 Marcam
686 1158 935 1209 attigissent,
974 1156 1241 1194 Abumaruan
1265 1157 1400 1194 omnia
1439 1164 1682 1203 vastaverat,
1713 1156 1754 1194 id

247 1232 309 1262 est
332 1223 662 1261 Barcinonenses
683 1232 721 1261 et
743 1222 1035 1261 Gerondenses
1059 1236 1182 1273 agros
1196 1231 1334 1260 etcum
1351 1221 1753 1268 incolomiexercitu‚

250 1289 593 1341 Cesaraugustam
612 1302 655 1327 se
676 1288 851 1340 recepit,
889 1288 1133 1340 priusquam
1156 1289 1205 1325 ab
1246 1288 1426 1325 exercitu
1449 1287 1587 1338 Pipini
1624 1287 1756 1325 videri

247 1355 465 1407 potuisset.
493 1353 626 1406 Hujus
649 1354 776 1391 cladis
792 1353 983 1405 presagia
1006 1355 1169 1392 fuerunt
1188 1353 1296 1391 acies
1316 1353 1403 1391 vise
1431 1352 1471 1389 in
1488 1353 1575 1390 celo
1594 1361 1633 1391 et
1653 1366 1754 1391 noc-

250 1420 360 1458 turni
383 1421 597 1458 discursus
619 1419 660 1456 in
683 1433 775 1457 aere
817 1418 1131 1457 coruscationis
1159 1417 1387 1470 Imperator
1422 1427 1570 1466 autern,
1593 1420 1755 1458 duobus

252 1486 520 1524 conventibus
543 1485 709 1531 habitis,
746 1498 826 1522 uno
848 1484 888 1521 in
917 1482 1190 1535 Niumagumh
1221 1491 1393 1535 propter
1415 1484 1534 1522 falsas
1574 1486 1755 1537 promis-

254 1552 392 1590 siones
417 1551 571 1598 Osrici,
595 1551 666 1587 filii
690 1550 920 1596 Godefridi,
955 1549 1065 1601 regis
1089 1549 1315 1595 Danorum,
1355 1549 1503 1600 quibus
1545 1564 1587 1589 se
1610 1560 1756 1590 ventu-

251 1631 339 1655 rum
361 1617 608 1669 promiserat
629 1616 711 1653 illic
734 1617 782 1654 ad
802 1616 1063 1668 imperatoris
1082 1616 1354 1667 presenciam,
1370 1616 1499 1654 altero
1520 1618 1627 1668 apud
1644 1617 1757 1656 Con-

248 1683 443 1734 pendium
462 1683 502 1720 in
525 1696 605 1734 quo
628 1682 815 1719 annualia
836 1682 943 1719 dona
983 1681 1179 1733 suscepit,
1217 1689 1255 1719 et
1277 1681 1339 1719 his
1374 1682 1443 1733 qui
1476 1683 1526 1720 ad
1549 1682 1755 1721 Marcham

252 1749 452 1800 Hispanie
475 1748 661 1786 mittendi
678 1756 792 1786 erant
814 1748 912 1799 quid
950 1747 1015 1785 vel
1038 1747 1213 1798 qualiter
1246 1760 1367 1799 agere
1408 1748 1606 1787 deberent
1627 1749 1759 1801 impe-

250 1814 367 1852 ravit.
396 1814 488 1865 lpse
511 1822 643 1851 autem
668 1813 928 1864 Conpendio,
969 1812 1194 1859 Carisiaco,
1234 1813 1463 1864 ceterisque
1507 1813 1570 1852 his
1608 1814 1757 1852 vicinis

250 1879 422 1932 palaciis
455 1892 586 1930 usque
626 1880 675 1917 ad
710 1878 925 1916 hibernum
956 1877 1139 1929 tempusi
1177 1887 1445 1917 conversatus
1486 1888 1562 1918 est.
1599 1879 1760 1919 Interea

252 1946 461 1984 Danorum
493 1958 628 1996 reges,
652 1944 723 1981 filii
747 1943 976 1989 Godefridi,
1003 1943 1200 1981 Eroldum
1235 1945 1283 1981 de
1323 1957 1452 1996 regno
1483 1944 1692 1997 ejecerunt
1722 1955 1761 1985 et

252 2011 300 2048 de
341 2010 591 2048 Normannie
631 2010 796 2047 finibus.
840 2009 1009 2061 Bulgari
1049 2023 1211 2061 quoque
1273 2009 1442 2048 Sclavos
1486 2011 1526 2048 in
1550 2011 1762 2050 Pannonia

254 2077 460 2121 sedentes,
475 2077 606 2114 misso
621 2089 697 2128 per
720 2076 900 2113 Dravum
914 2075 1045 2113 navali
1067 2075 1262 2122 exercitu,
1282 2077 1391 2113 ferro
1412 2084 1450 2113 et
1470 2075 1557 2128 igni
1576 2085 1763 2115 vastave-

253 2151 362 2189 runt,
385 2151 437 2189 et,
471 2142 658 2193 expulsis
678 2155 817 2179 eorum
837 2141 1026 2187 ducibus,
1052 2140 1298 2193 Bulgaricos
1319 2154 1447 2192 super
1487 2155 1558 2179 eos
1580 2150 1764 2180 rectores

255 2208 571 2246 constituerunt.
588 2207 775 2259 Eugenio
798 2215 930 2245 autem
948 2220 1054 2258 papa
1075 2207 1281 2253 defuncto,
1301 2215 1340 2245 et
1358 2206 1577 2245 Valentino
1592 2207 1765 2245 diacono

253 2274 450 2325 episcopo
472 2273 679 2318 ordinato,
704 2280 742 2310 et
761 2272 853 2324 ipso
874 2280 970 2323 post
991 2285 1114 2310 unum
1147 2285 1331 2310 mensem
1372 2272 1580 2318 defuncto,
1605 2271 1767 2323 Grego-

256 2339 590 2391 rius‚presbyter
605 2338 710 2375 tituli
734 2337 862 2375 sancti
885 2336 1220 2382 Marchi,electus
1236 2338 1309 2375 sed
1324 2350 1406 2375 non
1423 2337 1539 2389 prius
1555 2337 1767 2375 ordinatus

257 2413 319 2443 est
337 2418 461 2456 quam
478 2403 739 2456 imperatoris
762 2403 918 2454 legatus
951 2402 1122 2440 Romam
1154 2403 1265 2440 venit
1295 2411 1332 2440 et
1354 2401 1593 2440 electionem
1625 2400 1768 2454 populi

256 2470 520 2508 examinavit.
543 2470 657 2508 Tunc
680 2468 801 2520 legati
824 2467 1038 2505 Michaelis
1081 2467 1344 2519 imperatoris
1367 2469 1417 2506 ad
1450 2481 1540 2506 eum
1568 2474 1769 2505 venerunt

258 2545 438 2588 propter
452 2550 595 2588 pacem
617 2534 950 2579 confirmandam,
971 2546 1076 2584 quos
1099 2533 1167 2571 ille
1185 2533 1430 2585 Conpendio
1444 2533 1602 2585 palacio
1616 2532 1770 2570 audivit

261 2610 299 2639 et
325 2601 519 2639 absolvit.
545 2600 605 2638 Eo
619 2609 819 2652 tempore,
843 2612 1018 2650 corpora
1060 2607 1295 2637 sanctorum
1335 2598 1564 2637 Marcellini
1598 2607 1636 2636 et
1655 2590 1784 2636 Petriv

304 2726 341 2765 d)
365 2726 407 2755 de
432 2725 638 2755 custodibus
667 2725 707 2755 de
733 2724 890 2755 castellis
911 2723 946 2755 F.
969 2740 1003 2747 -
1029 2725 1059 2762 e)
1086 2734 1193 2764 quam
1217 2724 1335 2771 plures
1355 2723 1390 2755 F.
1412 2722 1454 2754 G.
1469 2740 1509 2745 —
1524 2722 1549 2764 f)
1564 2722 1769 2752 Caesarem-

263 2772 461 2839 alugllisltaiss
490 2768 545 2840 GF,
587 2767 626 2799 G.
663 2784 703 2790 —
725 2768 758 2807 g)
780 2767 820 2797 de
841 2766 911 2797 fida
932 2766 969 2797 A.
1004 2782 1044 2788 —
1084 2765 1121 2806 h)
1170 2765 1415 2797 Guimmacum
1442 2765 1480 2797 E.
1516 2781 1557 2788 —
1588 2764 1613 2805 i)
1632 2768 1769 2804 tempus

262 2821 340 2839 tees
390 2829 412 2845 A,
466 2833 472 2846 ,
523 2834 529 2840 .
