1908 3256
266 288 316 325 90
790 302 974 326 Ani-:Minu
1008 302 1247 327 cnnoxlcox

269 391 450 437 miserat,
474 391 624 429 domno
646 392 734 443 regi
758 390 910 429 Karolo
932 392 1091 430 detulit.
1117 391 1248 430 Azanj
1271 393 1479 443 prefectus
1496 391 1674 430 civitatis
1689 406 1768 445 que

269 456 420 494 dicitur
456 455 578 501 Osca,
602 456 737 494 claves
778 457 892 494 urbis
923 470 998 508 per
1031 457 1208 508 legatum
1241 471 1358 495 suum
1399 470 1488 494 cum
1529 458 1767 496 muneribus

270 522 394 559 misit.
420 521 655 560 Celebravit
677 522 851 560 domnus
871 536 942 560 rex
958 522 1141 561 Natalem
1164 523 1330 561 Domini
1361 523 1402 560 in
1425 523 1568 561 eodem
1600 523 1763 574 palatio.

272 587 323 626 Et
344 587 575 625 absolutum
599 587 1007 626 Hierosolimitanum
1030 588 1271 626 monachum
1294 588 1447 626 reverti
1470 588 1579 634 fecit,
1605 588 1769 627 mittens

272 667 361 691 cum
381 667 428 691 eo
447 653 681 692 Zachariam
703 657 994 706 presbyterum
1016 655 1065 692 de
1091 654 1242 706 palatio
1277 667 1350 692 suo
1385 653 1455 706 qui
1483 653 1654 692 donaria
1682 652 1769 706 ejus

269 733 344 771 per
362 719 431 757 illa
452 719 540 758 loca
559 729 698 758 sancta
720 721 911 758 deferret.
928 718 979 758 Et
1001 721 1134 758 medio
1157 721 1308 758 marcio
1333 733 1488 765 mense,
1515 719 1769 772 Aquisgrani

270 785 421 837 palatio
438 786 692 837 digrediens,
713 786 809 824 litus
828 786 981 823 Oceani
998 785 1169 824 Gallicie
1188 785 1475 838 perlustravit,
1496 784 1538 823 in
1558 784 1651 837 ipso
1670 786 1770 824 mari

269 851 378 902 quod
399 851 546 902 piratis
569 852 758 889 infestum
777 860 878 898 erat,
899 851 1072 889 classem
1095 851 1272 890 instituit
1293 860 1330 889 et
1349 851 1533 903 presidia
1548 851 1768 903 disposuit,

269 916 426 955 Pascha
459 917 501 955 in
534 916 708 955 Centulo
746 919 853 970 apud
890 918 1081 956 Sanctum
1122 917 1360 956 Richarium
1396 917 1631 956 celebravit.
1672 917 1770 956 Inde

268 985 414 1021 iterum
434 996 509 1035 per
543 984 638 1021 litus
662 983 814 1022 Oceani
837 984 1110 1036 Rotomagum
1133 985 1339 1022 civitatem
1361 984 1570 1035 profectus
1595 992 1672 1031 est,
1689 984 1770 1022 ibi-

271 1063 349 1101 que
373 1050 561 1101 Sequana
582 1063 698 1088 amne
729 1050 991 1096 transmisso,
1031 1050 1210 1088 Turonis
1237 1051 1287 1088 ad
1324 1049 1515 1088 Sanctum
1549 1049 1769 1088 Martinum

270 1116 472 1154 orationis
495 1129 616 1154 causa
636 1117 840 1168 pervenit.
862 1115 1047 1155 Moratus
1064 1124 1127 1154 est
1147 1117 1204 1154 ibi
1219 1117 1307 1154 dies
1325 1116 1481 1168 aliquot
1502 1124 1676 1168 propter
1703 1117 1770 1155 ad—

267 1195 428 1220 versam
445 1182 593 1220 domne
613 1182 838 1234 Luitgarde
863 1181 1053 1234 conjugis
1088 1182 1380 1228 valetudinem,
1399 1196 1478 1234 que
1511 1182 1664 1221 ibidem
1698 1182 1771 1221 de-

268 1249 404 1286 functa
419 1256 458 1286 et
474 1247 635 1286 humata
657 1257 733 1286 est.
760 1248 859 1287 Inde
880 1262 956 1301 per
970 1248 1207 1287 Aurelianis
1230 1257 1269 1286 et
1290 1248 1478 1286 Parisius
1502 1261 1642 1287 mense
1666 1246 1771 1301 julio

267 1326 502 1366 regressuS,
539 1312 792 1365 Aquisgrani
815 1327 1007 1351 reversus
1042 1322 1119 1352 est.
1162 1313 1215 1352 Et
1240 1313 1435 1352 insolitok
1471 1327 1602 1361 more,
1624 1326 1773 1366 aspera

266 1379 415 1432 pruina
433 1379 520 1424 fuit,
546 1379 618 1416 sed
639 1379 741 1417 nihil
763 1379 1110 1418 incommoditatis
1140 1380 1340 1418 fructibus
1363 1379 1531 1418 attulit¹.
1554 1378 1606 1418 Et
1630 1392 1770 1417 mense

267 1453 457 1497 augustO,
482 1444 734 1497 Mogontiam
755 1446 927 1484 veniens
946 1445 1025 1484 iter
1046 1446 1086 1483 in
1107 1444 1261 1483 Italiam
1276 1446 1460 1485 condixit
1475 1454 1514 1484 et
1534 1445 1770 1484 Ravennam

266 1511 469 1564 pervenit.
494 1510 553 1548 lbi
573 1511 817 1550 ordinatain
839 1511 1154 1550 Beneventanos
1180 1512 1456 1564 expeditione,
1479 1520 1574 1564 post
1599 1523 1658 1549 vu
1681 1511 1770 1550 die-

268 1589 357 1614 rum
370 1576 555 1614 inducias
566 1575 695 1614 Rome
707 1576 785 1614 iter
798 1577 1060 1622 convertit‚et
1073 1576 1295 1615 exercitum
1307 1590 1395 1615 cum
1407 1576 1573 1628 Pipino,
1584 1576 1667 1615 filio
1678 1589 1767 1624 suo,

269 1643 310 1681 in
342 1642 727 1681 Beneventanorum
756 1651 889 1681 terras
922 1644 1138 1696 predatum
1179 1643 1238 1681 ire
1276 1642 1417 1695 jussit.
1460 1640 1632 1681 Romam
1671 1656 1771 1681 vero

269 1709 456 1756 veniens,
481 1709 661 1747 occurrit
682 1709 718 1747 ei
741 1709 877 1761 pridie
910 1709 994 1748 Leo
1016 1722 1122 1761 papa
1153 1717 1191 1747 et
1215 1708 1390 1747 Romani
1413 1722 1503 1746 cum
1523 1722 1571 1746 eo
1589 1708 1772 1747 Nomen-

270 1781 407 1821 tumm,
431 1775 674 1813 duodecimo
693 1776 741 1813 ab
758 1776 858 1814 urbe
878 1775 1031 1827 lapide,
1056 1783 1094 1813 et
1116 1788 1272 1813 summa
1296 1788 1385 1812 cum
1403 1774 1630 1812 humilitate
1661 1788 1773 1813 sum-

272 1854 419 1892 moque
441 1840 597 1879 honore
621 1841 818 1893 suscepit,
843 1841 1136 1893 prandensque
1158 1854 1247 1878 cum
1282 1853 1329 1878 eo
1360 1839 1401 1877 in
1438 1839 1529 1878 loco
1566 1840 1769 1892 predicto,

271 1907 407 1945 statim
424 1920 514 1945 eum
531 1907 580 1945 ad
595 1908 739 1945 urbem
760 1907 977 1958 precessit.
1005 1906 1057 1945 Et
1081 1907 1262 1944 crastino
1296 1906 1337 1943 in
1372 1905 1571 1958 gradibus
1601 1906 1771 1944 basilice

285 1972 387 2011 3eati
409 1972 522 2011 Petri
545 1981 673 2018 stans,
698 1972 838 2010 missis
860 1972 1022 2010 obviam
1035 1972 1218 2010 Romane
1237 1972 1354 2010 urbis
1373 1971 1553 2018 vexillis,
1572 1971 1771 2010 ordinatis

270 2039 390 2077 etiam
409 2047 529 2090 atque
552 2038 768 2090 dispositis
790 2051 866 2089 per
882 2051 1063 2090 congrua
1084 2038 1173 2076 loca
1199 2046 1278 2076 tam
1301 2037 1619 2090 peregrinorum
1651 2051 1770 2089 quam

270 2105 420 2143 civium
442 2105 587 2143 turmis
623 2105 691 2156 qui
724 2104 905 2143 venienti
934 2104 1074 2142 laudes
1103 2105 1302 2152 dicerent,
1334 2105 1424 2156 ipse
1465 2117 1554 2142 cum
1589 2104 1699 2142 clero
1733 2112 1772 2142 et

269 2171 478 2223 episcopis
498 2185 602 2223 equo
631 2171 948 2209 descendentem
978 2171 1215 2222 gradusque
1255 2171 1542 2209 ascendentem
1571 2170 1768 2222 suscepit,

271 2238 445 2289 dataque
468 2238 672 2284 oratione,
696 2237 738 2275 in
770 2237 979 2275 basilicam
1004 2237 1118 2275 Beati
1141 2236 1272 2284 Petri,
1295 2236 1570 2288 psallentibus
1594 2235 1767 2280 cunctis,

269 2304 511 2342 introduxit.
535 2304 655 2342 Facta
671 2311 764 2342 sunt
779 2303 852 2341 hec
872 2304 947 2341 sub
971 2303 1035 2341 die
1067 2308 1159 2340 vulf·
1179 2303 1373 2340 kalendas
1397 2302 1644 2340 decembris.
1669 2301 1771 2340 Post

270 2382 329 2407 vu
348 2383 447 2408 vero
470 2370 558 2408 dies
588 2369 860 2407 conventione
901 2370 1016 2413 facta,
1051 2381 1122 2406 cur
1142 2369 1327 2406 venisset
1348 2368 1545 2406 Romamn
1578 2367 1768 2405 omnibus

272 2435 485 2487 patefecit,
505 2444 542 2473 et
558 2435 704 2473 exinde
719 2435 869 2473 cotidie
891 2435 940 2472 ad
962 2447 1008 2472 ea
1027 2447 1105 2485 que
1128 2442 1243 2471 erant
1259 2433 1442 2471 facienda
1457 2446 1622 2485 operam
1641 2432 1767 2470 dedit.

276 2501 390 2539 Inter
413 2515 490 2553 que
513 2501 729 2539 maximum
751 2508 790 2539 et
805 2500 1085 2538 difficillimum
1103 2508 1187 2537 erat
1203 2500 1250 2538 de
1273 2499 1545 2538 discutiendis
1566 2511 1672 2551 pape
1694 2499 1770 2536 ob-

267 2566 390 2618 jectis
413 2567 668 2611 criminibus,
696 2575 734 2605 et
756 2567 850 2605 dum
872 2566 1009 2604 nullus
1031 2567 1228 2618 probator
1250 2565 1465 2604 criminum
1494 2578 1586 2603 esse
1619 2564 1785 2616 potuit‚.

273 2634 448 2671 domnus
470 2647 576 2686 papa
599 2646 733 2671 coram
757 2633 866 2671 omni
884 2632 1040 2684 populo
1061 2633 1101 2670 in
1119 2632 1291 2671 basilica
1308 2631 1423 2670 Beati
1445 2630 1574 2676 Petri,
1591 2642 1769 2682 evange-

766 2785 776 2826 )
798 2786 900 2816 solito
923 2785 946 2816 E
963 2802 1001 2808 -
1021 2786 1047 2825 l)
1068 2796 1107 2814 ac
1129 2785 1210 2815 tulit
1230 2786 1266 2814 A.
1291 2801 1329 2807 —
1350 2784 1398 2824 m)
1423 2784 1591 2814 Nomento
1614 2783 1648 2818 F.
1672 2782 1712 2814 G.
1729 2799 1768 2805 —

314 2788 480 2828 j)Adzan,
504 2787 540 2819 E,
563 2786 599 2821 F,
623 2786 662 2818 G.
686 2787 760 2815 —k

560 2831 590 2858 st
616 2829 653 2864 E,
683 2829 719 2865 F,
736 2828 775 2860 G.

272 2830 307 2869 n)
331 2830 475 2860 Romam
497 2830 557 2858 dee
