1908 3256
658 297 774 321 Lissssn
807 297 1018 322 sucuxuus
1529 292 1577 323 {m

90 386 146 423 vit
167 385 349 424 Natalem
372 385 551 423 Domini.
577 385 718 423 Statim
735 394 829 436 post
847 386 1025 424 Natalem
1045 398 1242 426 venerunt
1264 389 1387 426 duces
1404 389 1575 428 Venerio

90 450 314 489 VVilericus
331 459 368 489 et
386 451 534 488 Beatus
554 459 591 488 et
610 449 761 488 Paulus
779 453 859 489 dux
876 452 925 489 de
940 451 1101 498 Jadera,
1120 462 1157 490 et
1176 453 1374 495 Donatus.
1394 454 1574 506 ejusdem

91 516 265 555 civitatis
288 516 524 568 episcopus,
549 515 670 567 legati
691 515 943 562 Dalmatarii,
968 530 1056 555 cum
1078 519 1234 569 magnis
1257 519 1391 561 donis,
1421 529 1457 558 et
1480 522 1579 559 sacta

91 589 152 619 est
173 582 229 620 ibi
250 582 453 620 ordinatio
472 582 520 619 ab
538 582 783 633 imperatore
801 583 848 620 de
868 583 1038 621 ducibus
1065 592 1102 621 et
1126 584 1290 635 populis
1310 593 1387 623 tam
1410 585 1576 625 Venetie

91 660 209 699 quam
233 647 447 685 Dalmatie.
475 646 643 699 Illisque
675 647 890 692 absolutis,
912 657 1154 686 conventum
1192 648 1329 687 habuit
1360 651 1579 702 imperator

91 726 181 751 cum
201 713 452 764 primoribus
472 721 509 750 et
527 713 789 750 obtimatibus
814 712 1060 751 Francorum
1083 714 1131 751 de
1166 728 1263 765 pace
1298 717 1579 756 constituenda

91 786 129 816 et
149 778 427 816 conservanda
446 777 552 816 inter
567 777 672 815 filios
690 791 802 823 suos,
824 786 861 815 et
878 778 1078 816 divisione
1100 780 1217 830 regni
1234 780 1415 819 facienda
1435 782 1474 820 in
1497 791 1579 821 tres

91 851 244 894 partes,
259 851 301 881 ut
314 844 437 881 sciret
455 843 738 894 unusquisque
753 843 913 880 illorum
930 856 1048 894 quarn
1068 853 1222 894 partem
1238 847 1366 883 tueriq
1385 855 1422 884 et
1439 861 1579 900 regere

91 908 315 955 debuisset,
340 909 373 946 si
390 917 602 960 superstes
623 909 818 946 viveret&
844 907 904 945 De
925 907 996 945 hac
1025 910 1240 959 partitione
1258 916 1268 932 ⁵
1294 919 1577 952 testamentum

92 973 238 1011 faetus‘
255 982 317 1011 est
338 982 376 1011 et
389 972 657 1025 jurejurando
680 987 701 1011 a
724 973 892 1010 Francis
916 974 1191 1012 confirmatum
1218 984 1255 1013 et
1277 978 1579 1017 constitutionis

90 1037 203 1088 pacis
222 1038 501 1075 conservande
524 1051 645 1075 causa
665 1039 766 1075 facte
789 1046 908 1088 atque
939 1037 1011 1075 hec
1049 1039 1182 1076 omnia
1215 1039 1360 1079 litteris
1398 1045 1581 1082 mandata

91 1110 185 1140 sunt
203 1101 328 1140 Leoni
348 1116 453 1154 pape
476 1115 550 1154 per
567 1102 793 1140 Ainardum
814 1111 855 1140 ut
874 1103 1153 1141 subscriberet
1175 1118 1291 1143 manu
1314 1119 1398 1143 sua.
1423 1107 1579 1155 Quibus

90 1168 205 1206 lectis
225 1181 330 1219 papa
351 1182 563 1206 assensum
586 1168 751 1219 prebuit
772 1177 809 1205 et
835 1182 952 1205 manu
975 1170 1222 1221 subscripsit
1243 1173 1421 1223 propria.
1448 1173 1580 1226 Impe-

91 1242 200 1272 rator
220 1247 318 1271 vero
340 1234 498 1272 dimisit
518 1242 737 1284 utrumque
758 1233 883 1271 filium
903 1234 943 1270 in
964 1247 1134 1285 regnum
1157 1235 1235 1272 sibi
1257 1237 1506 1287 deputatum,
1543 1249 1580 1277 et

90 1301 180 1352 ipse
198 1313 273 1352 per
309 1298 524 1337 Mosellam
559 1308 598 1337 et
636 1299 820 1337 Hrenum
862 1299 1155 1352 Noviomagum
1193 1303 1411 1354 navigavit,
1455 1314 1492 1342 et
1525 1306 1580 1344 ibi

93 1374 274 1404 sanetum
297 1365 649 1417 quadragesimale
667 1363 867 1417 jejunium
886 1371 949 1403 et¹¹
972 1374 1153 1403 sanctum
1173 1366 1330 1405 Pascha
1345 1369 1576 1408 celebravit.

93 1430 206 1477 Inde,
229 1430 483 1482 Aquisgrani
498 1431 683 1477 veniens,
705 1431 814 1468 misit
833 1430 1023 1468 Carolum
1044 1431 1168 1469 filium
1193 1445 1307 1470 suum
1345 1434 1384 1472 in
1417 1435 1580 1474 Sclava-

91 1497 198 1534 niam
220 1510 298 1548 que
321 1497 470 1534 dicitur
488 1496 624 1541 Sorbi,
644 1509 769 1548 super
786 1495 946 1533 Albiam
963 1496 1141 1534 fluvium.
1162 1497 1204 1535 In
1220 1512 1299 1549 qua
1323 1501 1579 1552 expeditione

92 1561 360 1607 Milioduchu
386 1561 622 1599 Sclavorum
651 1562 746 1608 dux,
768 1562 1004 1599 interfectus
1028 1571 1101 1599 est.
1128 1562 1217 1600 Duo
1258 1564 1422 1602 castella
1459 1565 1579 1604 Caro—

93 1627 155 1665 lus
177 1636 273 1666 tunc
294 1628 350 1665 ibi
379 1628 495 1665 fecit:
536 1641 659 1665 unum
697 1640 822 1678 super
860 1628 990 1679 ripam
1029 1627 1206 1665 fluminis
1243 1629 1374 1676 Salac,
1412 1631 1578 1669 alterum

87 1692 202 1745 juxta
222 1693 387 1732 fluvium
405 1692 556 1730 Albim.
587 1692 827 1744 Sclavisque
856 1693 1027 1744 pacatis,
1070 1692 1241 1731 Carolus
1283 1708 1499 1745 regressus
1540 1698 1580 1735 in

92 1759 182 1797 loco
204 1760 272 1811 qui
295 1759 444 1797 dicitur
467 1759 604 1805 Sillae,
629 1772 756 1810 super
773 1759 903 1810 ripam
926 1758 1041 1796 Mose
1063 1759 1256 1805 fluminis,
1280 1761 1391 1798 venit
1422 1763 1470 1799 ad
1507 1776 1579 1814 pa-

90 1833 208 1862 trem.
232 1824 381 1862 Iterum
412 1825 453 1862 in
489 1824 656 1862 Beheim
694 1824 946 1862 Sclavaniam
983 1825 1092 1863 misit
1120 1825 1310 1863 Carolum
1344 1827 1469 1865 filium
1490 1842 1577 1866 cum

91 1888 292 1941 Bajoariis
321 1898 359 1927 et
379 1889 616 1927 Alamannis
638 1897 676 1927 et
692 1889 1073 1941 Burgundionibus,
1099 1891 1202 1928 sicut
1224 1905 1327 1929 anno
1348 1893 1576 1943 superiore,

89 1963 327 2006 vastataque
345 1963 456 1993 terra
478 1955 734 2000 Sclavorum,
757 1968 848 1992 cum
868 1956 1016 2006 gaudio
1039 1957 1219 2007 regressi
1255 1962 1388 1995 sunt¹.
1428 1957 1581 1996 Eodem

91 2034 195 2058 anno
218 2020 393 2073 Pipinus
416 2021 464 2058 de
490 2020 604 2058 Italia
620 2020 731 2058 misit
755 2020 919 2057 classim
939 2021 979 2058 in
1004 2021 1212 2059 Corsicam
1251 2022 1420 2060 insulam
1444 2033 1584 2061 contra

90 2086 256 2125 Mauros
278 2087 347 2138 qui
371 2100 457 2124 eam
478 2087 705 2132 vastabant,
730 2085 846 2137 cujus
869 2087 1083 2124 adventum
1107 2088 1237 2125 Mauri
1259 2102 1339 2126 non
1372 2098 1584 2140 expectan-

89 2161 150 2190 tes
172 2153 377 2204 fugerunt.
404 2152 520 2191 Unus
537 2160 670 2190 tamen
692 2152 741 2189 de
766 2151 952 2197 Francis,
974 2151 1216 2199 Ademarus,
1251 2167 1384 2191 comes
1407 2154 1581 2193 civitatis

91 2218 246 2264 Genue‚
271 2218 556 2269 imprudenter
578 2226 720 2254 contra
741 2231 810 2254 eos
830 2217 1042 2263 dimicans,
1067 2218 1226 2255 occisus
1249 2227 1322 2256 est.
1344 2218 1386 2256 In
1425 2218 1576 2270 Hispa-

88 2283 155 2320 nia
184 2296 282 2320 vero
310 2283 482 2320 Navarri
502 2291 540 2320 et
561 2282 840 2333 Pampilones,
864 2283 932 2333 qui
953 2283 1234 2334 superioribus
1252 2284 1367 2321 annis
1391 2285 1439 2321 ad
1471 2284 1572 2322 Sar-

87 2361 257 2386 racenos
277 2349 524 2392 defecerant,
555 2348 594 2385 in
620 2348 738 2385 fidem
776 2349 931 2385 reversi
961 2357 1053 2386 sunt
1091 2349 1256 2399 dompni
1298 2349 1573 2399 imperatoris.

87 2412 201 2451 Tunc
219 2413 364 2451 classis
383 2427 404 2450 a
422 2413 617 2450 Nikeforo
637 2413 897 2464 imperatore,
922 2414 984 2451 cui
1019 2414 1158 2452 Niceta
1180 2414 1374 2464 patricius
1396 2423 1573 2465 preerat,

88 2479 260 2517 mittitur
277 2480 326 2516 ad
346 2479 669 2530 recuperandam
688 2479 943 2524 Dalmatiam,
968 2488 1005 2517 et
1031 2479 1167 2530 legati,
1192 2479 1259 2530 qui
1299 2479 1451 2517 dudum
1488 2488 1577 2517 ante

88 2557 130 2582 1v
151 2559 279 2584 annos
298 2546 347 2584 ad
368 2558 507 2596 regem
528 2544 747 2583 Persarum
769 2545 884 2583 missi
903 2554 1010 2592 sunt,
1032 2559 1105 2596 per
1125 2546 1236 2596 ipsas
1271 2558 1415 2596 grecas
1451 2559 1572 2583 naves

130 2722 164 2762 q)
182 2721 309 2753 intueri
331 2722 368 2752 D.
392 2741 429 2746 -
451 2723 481 2759 r)
504 2722 533 2753 si
555 2722 762 2762 superstites
783 2722 942 2753 viverent
964 2723 998 2754 F.
1022 2722 1062 2753 G.
1079 2739 1118 2745 -—
1140 2723 1167 2751 sl
1184 2720 1454 2761 participatione
1478 2720 1513 2749 D,
1537 2738 1576 2743 —

88 2763 249 2801 t)sactum
282 2768 333 2794 est
361 2764 397 2796 E,
415 2764 452 2798 F.
470 2763 510 2795 G.
535 2765 622 2803 -u)
656 2768 814 2794 sanctum
847 2763 1024 2804 quad.jej.
1053 2768 1086 2793 et
1105 2763 1199 2793 deest
1227 2763 1261 2797 [³.
1283 2762 1324 2793 G.
1349 2780 1385 2784 -—
1411 2774 1427 2791 x·
1467 2762 1576 2797 nitio,

89 2805 157 2834 dux
178 2805 216 2839 D,
235 2805 269 2836 F.
293 2824 331 2829 —
346 2806 378 2846 x)
401 2805 531 2836 reversi
554 2809 634 2835 sunt
657 2805 691 2839 F,
715 2805 754 2837 G.
