1908 3256
482 508 751 569 LIBER
826 511 1211 573 TERTIUS

157 983 192 1038 4.
213 975 422 1034 —Igitur
445 984 677 1033 postquam
700 975 1118 1017 christianissimusz
1150 975 1368 1034 gloriosus
1404 976 1589 1032 impera-

102 1042 171 1088 tor
194 1046 380 1088 Karolus
398 1056 596 1089 mortuus
620 1056 700 1099 est,
717 1047 965 1088 nuntiatum
980 1056 1046 1088 est
1059 1046 1294 1097 Ludovico,
1313 1047 1401 1087 filio
1417 1048 1524 1103 ejus,
1543 1047 1585 1088 in

103 1117 339 1175 Aquitania·
371 1125 478 1177 apud
495 1125 756 1163 Todoadama
788 1125 940 1170 villam,
973 1125 1040 1162 ubi
1073 1125 1160 1175 ipse
1193 1133 1285 1162 tunc
1320 1124 1533 1170 hiemabat,
1571 1138 1592 1161 a

104 1180 292 1240 plunibus
314 1190 484 1228 nuntiis.
512 1190 739 1228 Tricesimo
761 1199 892 1228 autem
914 1190 978 1227 die
1001 1190 1135 1227 obitus
1164 1190 1308 1240 patris,
1340 1189 1590 1241 Aquisgrani

102 1255 228 1301 venit,
246 1263 299 1302 et,
323 1269 528 1294 consensu
548 1270 592 1293 ac
614 1257 751 1294 favore
774 1256 953 1293 omnium
977 1255 1240 1301 Francorum,
1255 1255 1358 1306 patri
1377 1256 1588 1293 successit.

105 1320 155 1358 Et
176 1321 225 1358 ad
247 1321 429 1373 suscepti
450 1322 567 1373 regni
584 1321 975 1359 administrationem
994 1334 1089 1357 cura
1105 1334 1315 1366 conversa,
1336 1321 1468 1372 primo
1486 1321 1590 1372 lega—

102 1386 234 1424 tiones
257 1387 440 1438 gentium
458 1400 538 1438 que
557 1388 606 1424 ad
628 1395 785 1438 patrem
800 1395 997 1424 venerant
1017 1386 1207 1431 absolvit,
1233 1395 1269 1424 et
1297 1386 1394 1423 alias
1436 1387 1483 1423 ad
1521 1401 1593 1437 pa-

103 1460 205 1489 trem
226 1453 439 1491 venientes
464 1452 586 1490 simili
608 1453 729 1490 modo
753 1453 948 1504 suscepit.
974 1452 1174 1503 Precipua
1190 1460 1282 1489 tunc
1306 1452 1451 1503 legatio
1468 1461 1552 1490 erat
1573 1466 1593 1489 a

106 1516 467 1570 Constantinopoli
489 1519 657 1556 directa.
680 1518 781 1556 Nam
798 1518 880 1556 Leo
896 1518 1130 1569 imperator,
1149 1518 1216 1569 qui
1233 1517 1419 1555 Michaeli
1436 1532 1592 1555 succes-

106 1592 229 1630 serat,
251 1584 423 1622 dimisso
438 1583 648 1623 Amalerio
671 1585 869 1636 episcopo
892 1593 929 1622 et
952 1584 1074 1621 Petro
1087 1585 1243 1629 abbate,
1264 1584 1331 1634 qui
1353 1585 1401 1621 ad
1414 1584 1594 1621 Michae-

103 1648 181 1686 lem
216 1649 347 1695 missi,
372 1650 421 1687 ad
455 1663 498 1687 se
530 1658 664 1687 tamen
698 1658 898 1687 venerunt
932 1649 1086 1700 legatos
1123 1648 1419 1686 Christosorum
1458 1658 1593 1700 spata-

107 1713 212 1751 rium
234 1722 272 1752 et
294 1713 542 1766 Gregorium
567 1715 782 1753 diaconum
802 1728 891 1752 cum
909 1714 966 1751 eis
988 1715 1037 1751 ad
1058 1715 1248 1751 domnum
1272 1714 1464 1751 Karolum
1487 1715 1594 1751 misit

105 1791 194 1815 curn
211 1778 493 1830 descriptione
518 1787 555 1816 et
578 1779 885 1817 confirmatione
907 1779 1014 1830 pacti
1051 1792 1094 1816 ac
1135 1779 1298 1815 federis.
1339 1779 1495 1827 Quibus
1531 1780 1594 1817 di-

105 1843 259 1891 missis,
279 1843 512 1882 Ludovicus
535 1845 685 1883 direxit
703 1858 793 1883 cum
811 1844 870 1882 eis
888 1843 1226 1889 Nordebertumb,
1241 1844 1470 1895 Regensem
1488 1845 1592 1896 epis-

105 1922 270 1961 copum,
298 1918 336 1948 et
359 1909 592 1957 Ricoinum,
623 1911 879 1949 Pictavinum
901 1911 1102 1956 comitem,
1141 1910 1190 1946 ad
1219 1908 1394 1946 Leonem
1419 1910 1594 1961 impera-

103 1982 233 2013 torem
271 1977 322 2014 ob
364 1977 640 2015 renovandam
682 1990 818 2014 secum
860 1975 1073 2013 amicitiam
1100 1983 1137 2012 et
1173 1974 1398 2025 predictum
1435 1983 1592 2026 pactum

105 2041 423 2080 confirmandum
443 2043 606 2088 direxit,
631 2042 850 2093 habitoque
869 2041 1000 2092 Aquis
1031 2040 1211 2092 generali
1233 2040 1373 2091 populi
1408 2040 1468 2077 sui
1497 2053 1594 2077 con-

103 2114 242 2153 ventu,
267 2108 316 2145 ad
332 2106 515 2159 justitias
537 2108 743 2145 faciendas
767 2116 805 2145 et
823 2107 1118 2159 oppressiones
1135 2105 1378 2157 populorum
1409 2105 1594 2143 revelan-

104 2173 192 2219 das,
217 2172 373 2225 legatos
396 2183 434 2212 et
466 2187 606 2212 omnes
632 2174 749 2226 regni
773 2173 835 2212 sui
875 2181 1012 2225 partes
1058 2172 1226 2217 dimisit,
1263 2179 1300 2208 et
1325 2171 1592 2215 Bernardum,

104 2252 242 2290 regem
260 2239 387 2286 Italie‚
409 2249 597 2292 nepotem
619 2254 752 2286 suum,
777 2240 826 2277 ad
845 2253 888 2277 se
910 2247 1133 2283 evocatum,
1153 2238 1386 2274 muneribus
1405 2238 1593 2274 donatum

105 2304 146 2342 in
161 2318 332 2357 regnum
355 2306 547 2343 remisitc.
576 2306 677 2344 Cum
709 2305 935 2351 Grimaldo,
959 2306 1060 2342 duce
1096 2303 1397 2348 Beneventano,
1434 2310 1591 2353 pactum

106 2371 200 2409 fecit
222 2379 259 2409 et
281 2372 534 2409 confirmavit
556 2385 602 2409 eo
626 2372 746 2409 modo
765 2385 845 2422 quo
865 2380 902 2409 et
924 2379 1054 2422 pater,
1073 2369 1228 2406 scilicet
1249 2377 1290 2406 ut
1316 2367 1591 2405 Beneventani

103 2436 314 2483 tributum,
335 2437 451 2474 annis
474 2437 665 2488 singulis,
694 2437 840 2488 viginti
877 2436 1056 2487 quinque
1098 2434 1206 2471 milia
1240 2434 1464 2471 solidorum
1505 2431 1591 2469 auri

106 2502 261 2540 darent.
287 2502 399 2540 Tunc
421 2504 523 2540 duos
543 2516 590 2540 ex
608 2502 702 2540 filiis
722 2503 823 2549 suis,
837 2502 1070 2539 Lotharium
1087 2501 1126 2537 in
1150 2498 1592 2551 Bajoaria1n‚l'ipinum

105 2567 147 2604 in
163 2566 424 2619 Aquitaniam
443 2568 566 2605 misit.
592 2567 771 2605 Eroldus
795 2576 833 2606 et
849 2567 1120 2612 Raenfredus,
1141 2579 1259 2616 reges
1277 2565 1499 2607 Danorum,
1522 2562 1591 2613 qui

105 2646 210 2671 anno
231 2634 446 2685 superiore
467 2647 490 2671 a
506 2633 600 2671 filiis
624 2633 826 2671 Gotefridi
847 2633 943 2671 victi
960 2641 998 2670 et
1015 2645 1142 2683 regno
1164 2630 1271 2682 pulsi
1293 2638 1400 2675 sunt,
1425 2641 1592 2679 repara-

147 2760 178 2800 z)
194 2764 228 2790 et
256 2760 532 2801 gloriosissimus
551 2760 587 2795 F,
613 2760 654 2791 G.
681 2777 721 2784 —
748 2762 779 2799 a)
813 2759 1036 2790 Theododam
1063 2758 1102 2797 D,
1127 2758 1163 2793 E,
1190 2757 1225 2792 1³,
1245 2756 1283 2788 G.
1308 2773 1344 2779 -
1377 2755 1411 2794 b)
1450 2754 1594 2784 Norbvr-

105 2805 178 2831 tum
199 2802 238 2837 F.
259 2802 304 2834 G.
333 2820 371 2825 —-
391 2804 421 2842 c)
435 2802 569 2832 dimisit
589 2802 628 2837 D,
648 2801 693 2833 G.
