1908 3256
234 291 306 327 122
748 301 933 327 Amisiam
965 301 1206 326 Cllnoxlcox

228 392 369 443 sisque
400 392 667 443 primoribus,
692 405 781 429 cum
800 390 882 442 jam
898 391 1062 442 regredi
1084 391 1308 442 imperator
1339 391 1386 428 de
1408 391 1558 442 placito
1579 391 1718 436 vellet,

231 458 378 496 adsunt
414 457 535 509 legati
557 457 797 494 nunciantes
819 457 913 508 quia
946 456 1216 502 Liudewitus,
1241 456 1394 494 relictis
1418 456 1604 502 Sorabis,
1629 456 1732 493 Dal-

232 525 391 562 matiam
413 523 601 574 pervenit
624 523 672 559 ad
705 523 947 560 avunculum
990 535 1106 560 suum
1138 521 1448 559 Liudemuslum
1466 527 1477 543 ⁵
1500 530 1539 560 et
1559 522 1615 559 ibi
1637 522 1731 560 dolo

230 590 393 626 occisus
426 596 487 625 est
510 588 558 625 ab
580 588 687 638 ipso.
724 587 887 625 Adsunt
908 596 946 625 et
976 588 1114 625 nuncii
1137 587 1321 625 dicentes
1345 587 1438 638 quia
1469 587 1731 638 primicerius

232 655 415 692 Romane
439 653 651 698 ecclesiae,
675 652 933 699 Theodorus,
958 661 996 691 et
1018 653 1100 690 Leo
1129 652 1453 697 nomenculator,
1477 666 1606 704 gener
1627 651 1730 704 ejus,

232 720 272 757 in
289 718 538 771 patriarchio
561 718 773 756 Lateranis
790 719 966 757 excecati
989 727 1097 764 sunt,
1122 727 1161 756 et
1182 727 1326 770 postea
1351 718 1543 756 decollati
1565 727 1604 756 et
1633 718 1733 756 hoc¹

231 785 290 823 eis
314 785 488 836 contigit
510 785 620 835 quod
640 784 869 821 fidelissimi
892 793 1007 822 erant
1028 784 1222 822 Lothario
1256 783 1399 836 juveni
1422 784 1704 835 imperatoris¹¹
1723 800 1731 831 ;

232 851 422 889 dicebant
463 851 626 901 quidam
663 850 757 901 quia
779 849 990 887 Paschalis
1024 863 1130 901 papa
1163 849 1240 887 hoc
1256 849 1439 901 jusserat
1459 862 1595 901 agere.
1638 849 1735 887 Mox

230 918 454 968 imperator
475 916 585 953 misit
603 915 1071 967 Adalungum,abbatem
1096 916 1231 953 Sancti
1248 915 1479 960 Vedasti‚et
1496 915 1733 961 Unfridum,

233 983 421 1020 comitem
439 981 699 1027 Curiensem,
742 990 783 1019 ut
805 995 965 1019 causam
996 982 1255 1033 inquirerent
1289 995 1378 1019 cum
1403 981 1617 1019 Romanis.
1656 981 1734 1030 Qui

231 1056 446 1099 antequam
484 1047 654 1084 Romam
693 1047 920 1092 venissent,
954 1056 1155 1085 venerunt
1195 1047 1244 1085 ad
1286 1047 1574 1098 imperatorem
1614 1046 1736 1098 legati

233 1127 351 1165 pape,
393 1112 599 1150 Johannes
643 1113 880 1164 episcopuS,
904 1111 1153 1151 Benedictus
1188 1111 1520 1158 archidiaconus,
1550 1112 1735 1150 dicentes

232 1192 378 1230 papam
400 1178 603 1216 insontem
626 1191 717 1215 esse
739 1191 761 1215 a
779 1179 1013 1229 supradicta
1043 1178 1221 1216 infamia.
1248 1178 1361 1226 Quos
1384 1178 1561 1222 absolvit
1593 1178 1736 1216 dicens

234 1258 276 1281 se
296 1252 510 1295 expectare
535 1244 690 1295 legatos
714 1257 811 1281 suos
834 1244 903 1294 qui
923 1244 1137 1281 veritatem
1176 1245 1392 1281 referrent.
1435 1242 1544 1295 Ipse,
1577 1243 1737 1294 reliqua

232 1318 383 1347 aestate
419 1309 460 1346 in
488 1308 798 1346 &Yarmaciense
837 1323 960 1361 pago,
985 1310 1132 1347 deinde
1163 1309 1203 1346 in
1244 1308 1482 1347 Ardennam
1510 1309 1733 1354 transiens,

231 1383 396 1426 peracta
417 1374 636 1412 autumnali
656 1374 887 1419 venatione,
911 1375 1104 1412 kalendas
1132 1374 1368 1412 novembris
1401 1375 1506 1413 sicut
1541 1374 1737 1426 predixe-

232 1449 294 1477 rat
309 1445 338 1485 Υ,
364 1439 649 1491 Conpendium
664 1440 789 1477 venit.
814 1439 956 1491 Legati
979 1440 1149 1477 Romam
1165 1440 1377 1477 venientes
1400 1440 1459 1477 rei
1477 1448 1592 1492 geste
1614 1439 1738 1477 certi-

232 1506 415 1543 tudinem
438 1506 602 1556 assequi
627 1519 707 1543 non
728 1513 966 1556 potuerunt,
1000 1505 1095 1556 quia
1116 1505 1326 1543 Paschalis
1348 1518 1454 1557 papa
1476 1518 1519 1542 se
1547 1505 1740 1557 purgavit

235 1579 491 1608 sacramento
511 1584 600 1608 cum
622 1583 706 1608 xxx
728 1571 937 1622 episcopis
955 1579 992 1608 et
1009 1571 1294 1608 interfectores
1312 1571 1493 1608 defendit
1516 1570 1610 1621 quia
1626 1579 1740 1609 erant

234 1637 283 1674 de
306 1636 457 1674 familia
470 1636 598 1674 sancti
615 1636 743 1682 Petri,
765 1645 803 1674 et
819 1645 1002 1674 mortuos
1021 1636 1143 1674 velud
1159 1650 1252 1674 reos
1275 1635 1497 1687 majestatis
1520 1637 1738 1688 condemp-

232 1702 357 1747 navit,
389 1710 426 1739 et
460 1700 552 1752 jure
586 1715 704 1739 cesos
739 1702 1052 1753 pronunciabat.
1094 1702 1145 1740 Et
1177 1715 1282 1754 papa
1306 1702 1453 1740 iterum
1475 1715 1565 1739 cum
1589 1702 1734 1754 legatis

234 1768 494 1819 imperatoris
518 1767 628 1804 misit
645 1768 693 1805 ad
711 1781 800 1805 eum
822 1767 1048 1805 Johannem
1063 1768 1302 1819 episcopum
1320 1776 1358 1805 et
1381 1767 1569 1819 Sergium
1583 1768 1737 1806 biblio-

233 1833 444 1878 tecarium,
472 1833 688 1882 Quirinum
707 1834 1018 1879 subdiaconum,
1038 1842 1075 1871 et
1092 1833 1269 1871 Leonem
1290 1833 1529 1884 magistrum
1545 1833 1734 1871 militum.

236 1898 287 1936 Et
307 1899 545 1950 imperator,
571 1912 659 1936 cum
683 1899 954 1950 comperisset
985 1898 1288 1936 excusationem
1311 1911 1431 1949 pape,
1465 1898 1622 1949 legatos
1650 1896 1737 1949 ejus

236 1964 529 2001 convenienter
555 1963 713 2001 remisit
735 1972 773 2001 et
803 1965 852 2001 de
871 1963 947 2001 hoc
966 1963 1091 2001 nichil
1110 1963 1283 2015 amplius
1308 1964 1475 2001 curavit.

290 2044 353 2081 10.
375 2064 426 2070 -—
447 2041 605 2080 Interea
628 2041 882 2093 Ceadragus,
904 2042 984 2078 dux
1022 2039 1333 2087 Abodritorum‚
1359 2054 1449 2079 cum
1481 2041 1739 2093 primoribus

238 2108 323 2146 suis
347 2108 396 2145 ad
413 2107 697 2158 Conpendium
733 2107 859 2152 venit,
885 2115 922 2144 et
943 2120 1078 2144 coram
1113 2107 1359 2158 imperatore
1386 2107 1658 2157 probabiliter
1697 2120 1740 2144 se

238 2172 447 2210 excusavit
489 2172 583 2223 quia
620 2172 832 2209 distulerat
860 2172 1000 2209 venire
1023 2173 1072 2209 ad
1095 2186 1199 2217 eum,
1235 2181 1273 2210 et
1294 2172 1388 2210 licet
1419 2172 1459 2209 in
1494 2171 1740 2223 quibusdam

238 2237 453 2289 culpabilis
476 2246 599 2283 esset,
623 2246 771 2282 tamen,
797 2237 1010 2275 clementia
1032 2238 1308 2288 imperatoris,
1348 2237 1588 2275 muneribus
1611 2237 1740 2274 dona-

239 2312 319 2349 tus,
344 2303 392 2340 ad
412 2316 584 2354 regnum
618 2302 816 2340 remissus
837 2311 912 2340 est.
937 2302 1057 2341 Venit
1078 2303 1132 2340 ibi
1155 2303 1360 2341 Eroldus¹
1390 2303 1438 2340 de
1473 2301 1738 2346 Normannia,

242 2368 435 2406 auxilium
458 2377 602 2419 petens
640 2376 781 2405 contra
804 2367 1017 2405 Godefridi
1056 2368 1176 2406 filios.
1205 2368 1286 2406 Sed
1308 2368 1548 2406 Teoteriusy
1579 2375 1617 2405 et
1639 2367 1742 2404 Rot-

243 2434 429 2478 mandus,
472 2433 656 2478 comites,
696 2433 810 2470 missi
847 2433 1022 2470 filiorum
1063 2433 1293 2479 Godefridi,
1324 2432 1407 2485 jam
1454 2440 1744 2484 precesserant

244 2498 443 2537 Eroldum
467 2507 504 2536 et
525 2499 760 2550 imperatori
784 2499 918 2536 omnia
940 2498 1159 2550 diligenter
1192 2500 1483 2551 patefecerant,
1507 2499 1599 2536 ldeo
1631 2499 1741 2535 frus-

243 2572 374 2602 tratus
403 2572 465 2601 est
487 2563 679 2601 Eroldus.
724 2563 782 2601 lbi
805 2563 1143 2616 archiepiscopus
1161 2564 1402 2610 Remorum,
1421 2563 1527 2609 Ebo,
1547 2563 1616 2614 qui
1650 2575 1740 2600 auc·
1785 2592 1787 2595 .

241 2629 405 2667 toritate
423 2642 528 2680 pape
542 2638 579 2667 et
599 2629 858 2680 imperatoris
880 2630 928 2666 ad
959 2630 1253 2681 predicandum
1292 2629 1502 2667 Christum
1533 2629 1582 2666 ad
1605 2628 1743 2666 Danos

286 2773 312 2805 s)
338 2770 587 2800 Luidemisium
610 2770 699 2804 F.G.
721 2788 759 2794 ·-
781 2770 806 2801 tt
822 2770 903 2811 quia
935 2771 998 2801 hoc
1021 2773 1057 2803 A.
1081 2772 1176 2802 D.--
1203 2772 1240 2811 u)
1265 2770 1469 2812 imperatori
1503 2770 1541 2803 D,
1577 2769 1613 2805 F,
1639 2769 1681 2801 G.
1704 2787 1740 2792 -—

244 2814 277 2851 v)
301 2812 504 2842 condixerat
517 2815 554 2843 Α.
579 2813 617 2843 D.
642 2830 678 2836 —
698 2813 730 2852 x)
746 2813 910 2843 Heloldus
934 2813 970 2844 E.
992 2831 1032 2837 —
1048 2816 1082 2853 y)
1098 2813 1330 2844 Theodericus
1346 2812 1429 2848 F,G.
