1908 3256
1528 335 1546 342 .-

625 343 741 367 LIBER
775 343 985 368 SECVNDL'S
1500 339 1542 370 (it

65 444 184 478 vens,
205 428 321 470 filius
338 430 447 486 ejus,
464 430 538 486 qui
558 431 710 471 habuit
728 439 920 472 sanctam
939 431 1173 473 Baltildem
1191 432 1233 472 in
1254 433 1545 473 matrimonio.

66 500 161 552 Quo
202 509 402 557 tempore
445 501 583 541 sancti
619 501 849 542 Benedicti
884 518 1043 558 corpus
1090 503 1347 543 translatum
1390 512 1453 543 est
1499 504 1550 543 ‹le

66 572 321 612 Benevento
350 571 393 612 in
411 573 657 622 Franciam,
677 573 720 613 in
750 572 849 614 villa
885 572 1099 614 Floriaco.
1143 574 1243 614 Post
1287 573 1550 614 Clodoveuni

66 642 267 702 regnavit
284 643 521 689 Clotarius,
548 643 663 684 filius
681 645 788 700 ejuS.
810 644 915 684 Post
939 644 1178 684 Clolarium
1196 645 1391 703 regnavit
1416 646 1551 686 Theo-

68 713 260 762 doricus,
281 713 415 755 frater
432 715 542 770 ejus,
563 714 632 755 cui
655 714 879 755 Ebroinus
904 714 983 755 suit
1007 716 1144 771 major
1167 714 1337 760 domus,
1370 725 1409 756 et
1451 717 1552 756 Leo-

67 784 273 843 degarius
315 794 490 826 sanctus
532 785 766 842 episcopus
808 785 980 834 claruit,
1031 801 1159 841 quem
1194 786 1417 827 interemit
1460 787 1550 842 ipse

68 855 304 896 Ebroinus.
332 857 427 908 Quo
450 865 648 913 tempore
666 856 850 913 Pipinus
875 857 1056 898 Yetulus
1075 856 1153 897 suit
1171 859 1307 913 major
1331 857 1484 898 domus
1509 858 1549 898 in

67 927 307 968 Austrasiis
330 943 427 968 cum
444 927 624 987 regibus
660 927 914 968 Childerico
955 936 996 968 et
1032 927 1319 969 Childeberto
1356 929 1546 985 juniore.

68 997 152 1050 Qui
175 998 360 1054 Pipinus
389 998 615 1039 consensit
638 998 862 1040 nobilibus
898 998 1079 1039 Francis
1115 999 1365 1040 interficere
1400 1001 1551 1041 Ebroi-

65 1085 184 1110 num.
210 1070 264 1110 Et
287 1069 380 1126 ipse
415 1069 601 1126 Pipinus
641 1070 794 1111 Brevis
835 1079 1018 1126 propter
1059 1070 1376 1115 Childerieum,
1403 1088 1550 1131 regem

65 1141 394 1183 Austrasiorum
417 1158 439 1183 a
461 1142 642 1183 Francis
664 1141 894 1187 occisums,
922 1142 1110 1199 prelium
1146 1142 1249 1183 fecit
1283 1160 1379 1184 cum
1415 1145 1551 1185 Theo-

65 1211 232 1261 derico,
264 1229 368 1273 rege
390 1214 679 1263 Francorum,
706 1222 747 1254 et
770 1213 931 1254 devicit
959 1230 1073 1261 eum,
1109 1223 1150 1254 et
1173 1230 1269 1255 cum
1311 1231 1360 1255 eo
1402 1224 1551 1271 postea

66 1283 356 1334 concordans,
383 1286 521 1341 major
543 1284 699 1326 domus
723 1284 867 1325 extitit
891 1284 933 1324 in
957 1284 1156 1333 Francia,
1196 1294 1235 1325 et
1268 1286 1381 1326 bella
1418 1287 1551 1327 multa

65 1364 216 1396 contra
241 1357 407 1398 Suevos
430 1365 471 1397 et
494 1356 599 1397 alias
623 1364 778 1415 gentes
802 1355 975 1396 fortiter
999 1356 1116 1397 feeit.
1144 1357 1197 1397 Et
1238 1357 1331 1413 ipse
1367 1357 1552 1413 Pipinus

65 1425 218 1467 Brevis
242 1426 295 1467 de
330 1443 465 1467 uxore
508 1443 582 1467 sua
624 1427 832 1483 Calpiade
868 1427 1021 1485 genuit
1056 1427 1260 1468 Carolum
1283 1428 1549 1469 Martellum.

63 1498 169 1539 Post
185 1497 508 1539 Theodericum
525 1514 627 1539 vero
643 1514 793 1557 regem
811 1498 1010 1558 regnavit
1028 1498 1288 1543 Clodoveus,
1309 1499 1422 1540 filius
1440 1501 1547 1555 ejus.

62 1569 169 1610 Post
197 1568 464 1610 Clodoveum
500 1569 700 1628 regnavit
728 1569 1042 1610 Childebertus
1073 1570 1238 1626 junior,
1266 1569 1398 1610 frater
1440 1571 1548 1625 ejus.

62 1640 169 1681 Post
202 1639 537 1681 Childebertum
568 1640 792 1697 juniorem
834 1641 1034 1700 regnavit
1080 1642 1359 1700 Dagobertus
1383 1641 1549 1697 junior,

63 1709 178 1752 filius
202 1711 312 1767 ejuS.
338 1712 445 1752 Post
460 1712 762 1771 Dagobertum
787 1710 948 1752 defecit
972 1727 1109 1771 genus
1134 1712 1280 1771 regale
1310 1728 1331 1753 a
1365 1711 1552 1768 pruden-

64 1781 138 1833 tia,
165 1790 206 1823 et
228 1781 428 1842 regnavit
450 1791 550 1839 post
571 1782 715 1838 ipsum
737 1783 1040 1841 Dagobertum
1077 1782 1308 1831 Danihelss,
1346 1782 1548 1833 clericus,

64 1853 315 1894 insensatus
339 1852 472 1895 frater
501 1855 610 1910 ejus,
638 1869 767 1910 quem
802 1853 976 1903 Franci,
1013 1863 1177 1895 mutato
1207 1853 1400 1903 nomine,
1432 1870 1550 1894 voca-

62 1934 220 1967 verunt
243 1925 561 1982 Chilpericum.
589 1925 870 1982 Chilpericus
898 1925 980 1966 iste
1016 1925 1192 1982 ineptus
1216 1925 1350 1966 movit
1390 1925 1552 1966 exerci-

62 2005 152 2038 tum
176 2005 329 2038 contra
343 1996 547 2038 Can-olum
561 1997 830 2047 Martellum‚
848 1996 939 2053 qui,
958 2005 1061 2037 tunc
1075 1996 1264 2053 juveniS‚
1280 2005 1372 2037 erat
1387 1996 1430 2037 in
1447 1997 1551 2037 Aus-

60 2068 219 2109 trasios
243 2069 381 2125 major
403 2067 558 2109 domus
582 2077 624 2109 et
646 2068 733 2109 dux
755 2084 852 2109 cum
883 2068 1077 2109 Clotario
1105 2084 1226 2127 rege,
1264 2076 1305 2108 et
1326 2067 1464 2109 victus
1488 2076 1551 2108 est

60 2139 105 2181 in
127 2140 244 2182 bello
267 2139 546 2197 Chilpericus
570 2149 611 2181 et
633 2139 771 2181 vietor
795 2139 940 2181 extitit
963 2140 1145 2180 Carolus
1162 2139 1404 2181 Martellus.
1431 2139 1551 2180 Tunc

62 2210 202 2260 Eudo,
234 2210 321 2252 dux
353 2210 718 2268 Aquitanorum¹¹‚
744 2211 787 2251 in
817 2210 1025 2257 auxilium
1058 2209 1301 2266 Chilperiei
1341 2209 1551 2250 insensati

62 2282 195 2323 movit
217 2282 458 2323 exercitum
483 2291 635 2323 eontra
659 2283 863 2323 Carolum
886 2282 1154 2331 Martellum,
1181 2290 1221 2322 et
1246 2281 1382 2321 victus
1413 2290 1475 2321 est
1499 2281 1551 2321 ab

62 2369 112 2394 eo
134 2353 179 2394 in
196 2353 354 2410 prelio,
371 2353 576 2410 cepitque
600 2354 783 2394 Carolus
806 2353 1035 2394 'Martellus
1051 2352 1277 2393 inimicum
1295 2367 1418 2392 suum
1436 2351 1551 2392 Chil-

63 2424 263 2480 pericum
286 2441 437 2484 regem
454 2424 727 2466 insensatum
748 2442 756 2475 ;
777 2424 854 2465 sed
871 2424 1087 2465 inmemor
1112 2423 1283 2464 malicie
1307 2438 1380 2463 sue
1410 2422 1550 2463 reddi-

64 2495 130 2536 dit
157 2495 198 2536 ei
226 2511 412 2555 regnum
436 2512 576 2536 suum.
607 2496 714 2536 Post
748 2495 1050 2551 Chilperieum
1092 2510 1239 2553 regem
1282 2493 1550 2534 insensatum

66 2566 267 2626 regnavit
290 2567 401 2608 soloi
424 2567 600 2607 nomine
617 2566 918 2607 Theodericus
934 2566 1182 2607 insensatus
1199 2564 1551 2623 consanguineus

70 2638 181 2694 ejus.
198 2638 305 2679 Post
321 2637 644 2680 Theodericum
661 2637 861 2697 regnavit
877 2637 968 2678 solo
991 2636 1167 2678 nomine
1192 2635 1468 2676 childericus
1485 2635 1550 2675 in-

110 2792 135 2833 s)
171 2803 333 2822 occasum
360 2792 399 2827 D,
422 2792 459 2821 Ε.
487 2792 576 2832 —g)
609 2791 731 2822 Daniel
752 2792 790 2827 D,
819 2792 854 2827 F,
890 2791 929 2822 G.
951 2809 992 2813 ——-
1011 2791 1045 2829 h)
1062 2789 1325 2830 Aquitaniorum
1347 2790 1382 2817 Α.
1405 2788 1479 2828 -ἱλη
1510 2790 1552 2817 (“ι·

64 2844 216 2875 passage
235 2833 354 2875 depuis
374 2833 556 2863 inimicum
579 2844 679 2863 suum
700 2844 844 2874 manque
864 2833 952 2863 (lans
974 2833 1008 2862 E.
