1908 3256
268 245 314 280 ss)-
790 256 973 281 ,xm-:MAnl
1007 258 1245 284 cunoxlcox

318 350 382 386 37.
405 370 454 375 —
476 347 680 385 Cloturius=
704 360 877 397 namque
901 360 920 382 a
945 346 1129 384 Pau-isius
1170 349 1265 386 exiit
1307 359 1345 387 et
1384 349 1591 386 Arelauno
1623 350 1765 388 silvam

265 416 479 467 ingressus
502 423 576 452 est.
605 413 885 450 Brunichildis
925 414 1030 450 enim
1068 414 1249 464 quotidie
1292 414 1432 466 pejora
1474 415 1646 453 consilia
1686 416 1766 468 ipsi

266 481 518 519 Theoderico
542 482 795 518 ministrabat
819 480 960 517 dicens
981 495 986 515 :
1015 496 1031 514 κ
1053 483 1186 527 Quare
1222 481 1399 532 negligis
1423 490 1461 518 et
1482 494 1563 518 non
1584 482 1764 533 requiris

269 566 284 583 t<
319 547 551 586 thesaurum
570 547 696 599 patris
723 547 778 583 tui
803 560 844 582 ar
869 544 1138 597 regnumcjus
1155 547 1203 583 de
1226 561 1345 584 manu
1365 547 1653 593 Theodeberfi,
1677 561 1766 585 cum

271 632 285 649 a<
322 614 426 651 scias
450 628 538 650 cum
562 628 641 650 non
674 627 764 649 csse
787 614 949 650 fratrem
972 622 1097 659 tuum,
1123 613 1217 663 quia
1254 613 1293 649 in
1318 612 1519 650 adulterio
1541 627 1589 650 ex
1612 627 1763 651 concu-

267 698 282 715 κ
318 680 411 717 bina
434 680 561 731 patris
584 679 640 716 tui
675 687 915 730 procreatus
959 679 1045 715 suit.
1075 695 1090 713 >2
1133 678 1217 715 lIec
1259 679 1429 715 audiens
1468 678 1763 725 Theodericus,

267 748 350 784 sero
374 755 413 783 ut
438 755 520 783 erut
541 746 662 783 corde
680 750 711 792 g,
738 745 893 782 hostem
918 745 1137 796 plurimum
1161 745 1378 782 commovit
1409 754 1446 782 et
1469 753 1610 783 contra
1631 745 1766 783 Theo-

266 813 492 857 debertum,
525 825 761 863 germanum
806 826 938 857 suum,
972 811 1120 848 direxit
1141 820 1179 848 et
1209 811 1447 849 Tulbiacum
1497 820 1674 849 castrum
1717 813 1767 850 ad

269 891 445 929 pugnam
469 877 626 929 egressi
652 886 758 914 sunt.
787 876 872 913 Illis
915 877 1074 914 sortiter
1116 877 1412 927 pugnantibus,
1455 877 1765 915 Theodebertus

267 945 395 981 lesum
412 944 554 981 videns
571 944 791 981 exercitum
810 958 941 990 suum,
956 943 995 979 in
1019 944 1153 994 fugam
1168 956 1315 980 versus
1337 943 1548 981 Coloniam
1565 943 1766 982 civitatem

267 1010 509 1060 ingreditur.
529 1009 782 1046 Theoderico
795 1009 928 1060 itaque
945 1018 1094 1046 terram
1111 1008 1424 1046 Riboariensem
1439 1010 1712 1047 succendente
1723 1023 1766 1047 ac

267 1076 516 1121 devastante,
536 1076 714 1127 populus
733 1075 799 1112 ille
817 1077 892 1112 sub
903 1074 989 1126 ejus
1002 1075 1188 1112 inanibus
1206 1088 1248 1112 se
1265 1075 1432 1113 tradidit
1449 1075 1611 1112 dicens:
1627 1092 1644 1110 α
1663 1075 1767 1113 Par-

270 1158 285 1176 «
312 1155 370 1188 ce,
390 1142 536 1178 domne
566 1155 651 1187 rex,
686 1156 758 1179 nos
779 1151 815 1179 et
838 1151 945 1179 terra
967 1150 1107 1179 nostra
1124 1139 1206 1192 jam
1227 1141 1285 1178 tui
1306 1155 1462 1188 sumus,
1486 1141 1569 1178 noli
1592 1141 1766 1192 amplius

269 1224 284 1242 α
311 1208 447 1245 delere
470 1208 708 1260 populum.»
728 1208 778 1246 Et
795 1209 861 1246 ille
878 1209 975 1245 dixit
1004 1223 1010 1244 :
1040 1224 1055 1242 α
1077 1207 1158 1245 Aut
1169 1207 1355 1245 adducite
1369 1207 1611 1245 mihivivurn
1633 1207 1768 1244 Theo-

270 1291 285 1308 «
313 1275 539 1320 debertum,
559 1283 624 1312 aut
639 1275 843 1312 abscisum
861 1276 991 1325 capud
1011 1272 1096 1325 ejus
1114 1273 1210 1310 milii
1230 1273 1383 1319 afferte,
1404 1273 1438 1310 si
1452 1273 1576 1311 vultis
1593 1281 1636 1311 ut
1648 1273 1767 1311 vobis

270 1358 285 1375 α
313 1354 489 1392 parcam.
506 1357 522 1375 »
544 1340 605 1377 11Ιί
617 1341 795 1392 ingressi
812 1341 851 1378 in
867 1340 975 1377 illam
988 1340 1205 1386 civitatem,
1218 1339 1294 1376 alia
1309 1353 1385 1390 pro
1402 1339 1491 1377 aliis
1508 1339 1766 1387 mentientes,

269 1407 456 1444 dixerunt
481 1422 488 1443 :
523 1424 539 1441 «
565 1406 631 1444 Sic
655 1408 813 1444 mandat
838 1407 961 1443 frater
982 1415 1075 1443 tuus
1102 1420 1109 1441 z
1135 1405 1276 1442 Redde
1298 1405 1533 1443 thesaurum
1560 1405 1690 1457 patris
1711 1405 1769 1443 tui

272 1490 287 1508 «
315 1474 423 1524 quod
440 1474 594 1524 apudte
606 1473 758 1510 retines
776 1481 813 1510 et
829 1473 885 1509 sic
900 1472 1120 1524 posteaille
1132 1480 1361 1509 revertetur
1376 1485 1466 1509 cum
1477 1472 1631 1523 populo
1643 1485 1766 1509 suo.»

271 1539 371 1577 Cum
388 1538 460 1576 hec
484 1539 663 1577 ementiti
686 1539 902 1585 dixissent,
929 1538 996 1575 ille
1020 1552 1109 1575 cum
1132 1538 1190 1575 eis
1220 1538 1260 1575 in
1288 1538 1481 1589 palatium
1502 1537 1684 1575 thesauri
1707 1537 1769 1575 sui

269 1606 447 1653 intravit,
472 1619 643 1657 Cumque
663 1614 823 1656 apertas
847 1605 988 1643 archas
1007 1604 1293 1642 thesaurorum
1320 1613 1558 1644 ornamenta
1580 1604 1769 1655 require-

269 1680 343 1718 ret,
357 1685 460 1709 unus
481 1685 528 1708 ex
550 1672 624 1717 eis,
644 1674 847 1709 abstracto
866 1671 1017 1722 gladio,
1043 1679 1152 1708 retro
1175 1684 1263 1707 eum
1281 1670 1322 1707 in
1336 1670 1493 1708 cervice
1509 1670 1716 1721 percussit
1732 1679 1771 1708 et

269 1746 478 1788 acceptum
502 1738 633 1788 capud
658 1736 744 1788 ejus
782 1737 1035 1775 sustulerunt
1066 1749 1140 1788 per
1173 1749 1331 1774 murum
1367 1736 1542 1774 civitatis
1578 1735 1763 1773 Colonie.

269 1803 545 1840 Theodericus
568 1803 639 1840 hec
661 1803 821 1849 videns,
846 1804 977 1854 ipsam
1009 1803 1210 1840 civitaten]
1233 1801 1518 1854 adprehendit,
1561 1801 1765 1839 thesauris

269 1869 426 1920 magnis
462 1870 654 1920 acceptis.
690 1870 874 1920 Cumque
909 1870 943 1906 ei
979 1869 1059 1921 ipsi
1101 1869 1246 1906 Franci
1289 1869 1473 1906 seniores
1514 1876 1766 1906 sacramenta

264 1934 449 1986 jurarent
471 1935 510 1972 in
538 1935 707 1973 basilica
742 1935 878 1972 Sancti
902 1935 1102 1972 Gereonis
1126 1935 1334 1986 martyris,
1370 1934 1503 1972 visum
1544 1934 1579 1971 ei
1606 1934 1680 1971 fuit
1719 1942 1763 1971 ut

270 2014 491 2052 percussus
515 2001 659 2039 fuisset
693 2002 733 2038 in
767 2001 890 2038 latere
919 2001 1060 2038 dolose
1083 2010 1120 2039 et
1143 2001 1243 2038 dixit
1268 2016 1274 2037 ε
1301 2017 1317 2036 <‹
1344 2000 1571 2038 Observate
1611 1999 1716 2037 ostia
1732 1998 1764 2045 ¹¹,

272 2084 287 2102 α
322 2067 460 2104 nescio
483 2067 574 2118 quis
598 2081 658 2104 me
681 2069 729 2105 de
752 2067 870 2105 histis
894 2068 1101 2105 Riboariis
1125 2067 1344 2118 percussit.
1374 2082 1390 2101 ³>
1419 2066 1602 2117 Cumque
1631 2065 1768 2104 revol-

268 2133 424 2171 vissent
444 2133 686 2171 vestimenta
708 2132 810 2184 ejus,
844 2148 925 2170 non
959 2134 1067 2170 aliud
1103 2134 1348 2171 invenerunt
1380 2132 1460 2170 nisi
1485 2132 1647 2183 signum
1671 2144 1768 2183 par-

268 2198 404 2236 vulum
427 2212 694 2250 purpureum.
718 2198 816 2236 Inde
835 2199 956 2244 enim,
988 2213 1077 2236 cum
1107 2199 1242 2236 multis
1284 2198 1445 2250 spoliis,
1482 2210 1675 2236 reversus
1707 2206 1769 2235 est

269 2265 409 2301 urbem
432 2264 674 2309 Metensem,
708 2265 846 2315 ibique
870 2264 1150 2302 Brunichildis
1168 2265 1312 2316 regina
1343 2265 1577 2310 advenerat,
1613 2276 1764 2314 appre-

268 2329 502 2381 hensosque
521 2344 672 2381 pueros
713 2330 817 2367 filios
861 2330 1157 2367 Theodebertii
1191 2330 1408 2377 interfecit,
1446 2337 1483 2367 et
1505 2328 1702 2366 minorem
1725 2328 1765 2366 in

267 2395 369 2432 albis
392 2396 441 2432 ad
459 2404 630 2447 petram,
654 2409 853 2447 percusso
886 2397 1070 2443 cerebro,
1089 2396 1210 2434 elisit.

320 2464 384 2499 38.
401 2485 451 2489 —
468 2461 745 2498 Theodericus
769 2461 903 2512 itaque
925 2461 1069 2499 videns
1102 2462 1312 2513 pulchram
1330 2462 1451 2499 filiam
1473 2459 1763 2507 Theodeberti,

268 2536 429 2579 neptem
452 2541 579 2575 suam,
610 2527 737 2565 voluit
760 2541 844 2565 eam
867 2528 915 2564 ad
938 2526 1172 2579 conjugium
1195 2528 1402 2579 copulare.
1439 2526 1514 2564 Cui
1534 2526 1635 2564 dixit
1657 2526 1766 2564 Bru-

267 2592 456 2630 nichildis
480 2608 486 2628 :
516 2610 532 2628 ι(
558 2593 770 2641 Quomodo
793 2602 909 2645 potes
933 2593 1117 2645 accipere
1137 2594 1258 2632 filiam
1298 2593 1434 2631 fratris
1457 2593 1537 2630 tui?
1582 2608 1599 2628 ))
1625 2592 1677 2630 Et
1698 2591 1765 2630 ille
1785 2595 1788 2599 ’

267 2660 346 2696 ait:
375 2675 391 2694 α
417 2658 521 2696 Num
542 2668 583 2697 tu
619 2659 714 2696 mihi
745 2659 883 2697 dixisti
915 2660 1024 2710 quod
1053 2673 1133 2697 non
1163 2669 1273 2698 esset
1300 2661 1425 2698 frater
1445 2661 1594 2697 meus?
1629 2658 1764 2705 Quare

307 2790 342 2827 g)
364 2791 400 2816 ut
415 2791 489 2817 erat
509 2787 612 2817 corde
635 2788 728 2816 ferox
751 2787 784 2823 F,
813 2786 851 2818 G.
876 2805 915 2810 -
935 2787 970 2827 h)
999 2787 1113 2816 hostia
1135 2789 1172 2822 A,
1196 2788 1233 2823 D,
1253 2788 1287 2817 E.
1311 2805 1349 2810 —-
1371 2787 1394 2828 i)
1418 2786 1619 2817 Theoderici
1641 2787 1678 2816 A.
