1908 3256
678 326 791 352 muru
828 326 978 349 pumirs
1523 322 1570 353 ἲν.)

82 416 156 454 lica
190 416 327 454 Sancti
364 416 546 454 Marcelli
582 417 771 467 111artyris
805 416 1004 466 sepultus,
1044 416 1244 467 Regnavit
1284 427 1413 455 autem
1456 422 1569 456 annis

81 498 206 523 XXXI.
244 486 526 538 Fredegundis
567 500 664 524 vero
704 485 824 522 filiam
849 498 976 529 suam,
1009 487 1169 523 nomine
1207 487 1445 531 Rivundvm,
1484 504 1568 526 cum

82 555 238 606 magnis
284 557 431 608 opibus
479 565 515 594 et
556 556 722 593 infinitis
760 554 964 592 thesauris
1002 555 1039 591 in
1082 555 1300 606 Hispanias
1331 559 1338 577 ¹
1376 557 1570 595 Leuvildm

81 624 167 676 regi
195 639 360 663 uxorem
390 626 460 663 filii
490 626 552 664 sui
581 640 669 663 611111
710 638 854 675 magna
895 624 1095 675 legatione
1136 623 1360 662 Gothorum
1409 627 1567 663 direxit,

81 691 178 731 Erat
223 702 353 732 autem
404 694 687 745 Fredegundis
733 692 875 743 regina
925 692 1094 743 pulchra
1134 703 1171 730 et
1206 694 1417 744 ingeniosa
1452 694 1570 730 nimis

79 770 197 813 atque
219 762 414 800 adultera.
440 763 665 800 Landricus
690 776 852 813 quoque
875 770 967 799 tunc
991 771 1075 799 erat
1098 761 1225 813 major
1240 763 1384 799 domus
1406 763 1566 813 palacii,

77 828 139 866 vir
159 828 398 880 ingeniosus
421 839 458 867 et
481 830 606 877 utilis,
633 843 751 879 quem
775 837 993 866 molliorum
1016 829 1157 879 regina
1191 830 1347 866 amabat
1383 828 1567 871 inultum,

76 898 170 949 quia
191 898 230 935 in
253 898 410 936 luxuria
432 899 770 935 commiscebatur
792 912 880 934 cum
911 912 969 934 ea.
991 896 1172 944 Quadam
1190 906 1321 934 autem
1344 897 1424 941 die,
1444 905 1566 934 matu-

76 963 160 1002 rius
183 978 312 1010 mane,
332 979 419 1002 cum
444 979 512 1001 rex
535 965 582 1001 ad
605 964 861 1001 venationem
886 965 1151 1000 exercendam
1175 964 1223 1000 de
1258 963 1353 1001 villa
1395 962 1566 1000 Calense

76 1032 115 1070 in
138 1031 346 1070 Parisiaco
368 1033 578 1084 dirigeret,
601 1046 690 1069 cum
714 1041 864 1070 amaret
886 1046 971 1069 eain
994 1032 1129 1077 nimis,
1156 1046 1347 1069 reversus
1371 1031 1410 1068 in
1434 1044 1567 1068 came-

76 1110 159 1135 ram
180 1097 318 1149 palatii
340 1099 388 1135 de
412 1098 543 1149 staplo
567 1097 747 1148 equitum
763 1102 794 1144 ¹¹,
833 1097 899 1134 illa
923 1099 1054 1149 capud
1089 1112 1205 1134 suum
1240 1097 1426 1134 abluebat
1467 1109 1567 1147 aqua

77 1167 115 1204 in
134 1167 227 1218 ipsa
247 1181 429 1213 camera3
473 1182 543 1205 rex
564 1181 661 1206 vero
684 1167 982 1213 retroveniens,
1009 1180 1095 1204 eam
1128 1167 1168 1204 in
1192 1167 1353 1204 natibus
1377 1166 1426 1203 de
1461 1166 1563 1202 fuste

77 1233 293 1284 percussit.
330 1232 382 1272 At
404 1234 486 1280 illa,
511 1234 694 1285 cogitans
730 1233 839 1284 quod
874 1232 1098 1270 Landricus
1135 1241 1258 1279 esset,
1283 1232 1336 1270 ait
1361 1246 1367 1267 :
1395 1231 1565 1279 «Quare

78 1317 93 1336 α
129 1302 186 1339 516
221 1303 334 1348 facis,
371 1303 638 1340 LandriceP»
676 1302 986 1354 respiciensque
1023 1315 1185 1339 sursum
1218 1302 1320 1338 vidit
1353 1301 1463 1352 quod
1496 1314 1564 1338 rex

71 1377 194 1414 esset,
220 1377 257 1406 et
279 1369 399 1406 nimis
416 1370 592 1420 expavit.
618 1369 706 1406 Rex
727 1383 842 1414 vero,
861 1368 992 1406 tristis
1016 1368 1199 1414 effectus,
1225 1368 1264 1404 in
1287 1367 1417 1418 ipsam
1440 1380 1563 1405 vena-

70 1435 219 1474 tionem
242 1439 436 1489 perrexit.
463 1438 747 1489 Fredegundis
768 1451 866 1476 vero
888 1437 1048 1475 vocavit
1082 1438 1130 1474 ad
1165 1450 1207 1474 se
1243 1435 1487 1474 Landricurn
1523 1445 1559 1474 et

70 1503 271 1542 enarravit
318 1504 389 1541 hec
429 1505 563 1542 omnia
597 1519 675 1556 que
710 1517 782 1541 rex
823 1504 974 1541 fecerat
1009 1503 1149 1541 dicens
1175 1518 1182 1539 ε
1224 1518 1240 1537 κ
1279 1501 1424 1552 Cogita
1464 1501 1560 1553 quid

69 1587 86 1607 «
120 1586 240 1624 agere
279 1574 443 1618 debeas,
468 1573 562 1624 quia
600 1573 775 1611 crastina
814 1573 878 1611 die
913 1574 962 1610 ad
996 1580 1197 1610 tormenta
1224 1571 1357 1608 valida
1394 1570 1560 1607 exhibe-

66 1655 81 1673 «
116 1638 263 1676 bimur.
283 1638 359 1677 »Et
381 1639 434 1676 ait
456 1639 698 1685 Landricus,
724 1639 898 1676 contrito
916 1638 1317 1690 spiritu,commotus
1346 1636 1523 1673 lacrimis
1550 1651 1556 1671 ;

66 1723 82 1742 α
117 1706 214 1744 Tam
236 1707 339 1745 mala
360 1708 458 1745 hora
480 1717 517 1746 tc
539 1708 729 1746 viderunt
753 1707 858 1745 oculi
883 1707 960 1744 mei
986 1709 992 1744 !
1020 1706 1168 1758 lgnoro
1192 1706 1297 1743 enirn
1320 1705 1417 1756 quid
1440 1717 1558 1756 agere

66 1789 82 1808 ι(
117 1773 298 1819 debeam,
323 1773 417 1825 quia
439 1773 711 1825 comprimunt
732 1786 793 1810 me
809 1772 989 1823 undique
1007 1771 1207 1823 angustie.
1230 1787 1246 1805 »
1284 1770 1335 1808 Et
1363 1770 1431 1806 illa
1461 1769 1559 1806 dixit

66 1842 100 1879 61
127 1856 133 1878 :
162 1858 179 1877 <‹
203 1841 296 1880 Noli
317 1843 473 1889 timere,
498 1843 591 1880 audi
614 1842 829 1880 consilium
853 1856 983 1879 meum
1007 1850 1045 1879 et
1068 1841 1258 1878 faciamus
1289 1840 1389 1877 hanc
1414 1853 1496 1876 rem
1523 1847 1558 1875 et

68 1925 84 1944 ι(
119 1922 198 1946 11011
221 1909 440 1946 moriemur
455 1915 484 1947 V.
527 1909 628 1947 Cum
668 1923 739 1947 rex
779 1910 827 1946 de
867 1909 1098 1954 venatione,
1124 1908 1262 1945 clauso
1285 1906 1366 1958 jam
1403 1906 1482 1951 die,
1508 1906 1555 1942 ad

69 1993 84 2011 «
118 1986 275 2016 noctem
308 1979 480 2025 venerit,
518 1979 720 2016 mittamus
756 1978 825 2029 qui
860 1991 950 2015 eum
983 1977 1198 2015 interficiat
1232 1985 1269 2014 et
1304 1975 1553 2027 proclament

67 2059 84 2079 <t
118 2045 226 2095 quod
243 2044 546 2092 Childehertus,
559 2059 631 2083 rex
652 2044 819 2090 Auster,
836 2044 1052 2081 insidiatus
1065 2044 1100 2081 ei
1118 2052 1192 2081 est.
1212 2042 1366 2093 Illoque
1384 2051 1554 2084 mortuo.

68 2128 84 2147 «
117 2126 191 2149 nos
216 2126 304 2150 cum
326 2113 408 2151 filio
432 2127 520 2150 meo
543 2113 723 2151 Clotario
745 2126 978 2164 regnemus.
1006 2128 1022 2147 »
1055 2112 1239 2163 Cumque
1262 2125 1341 2149 nox
1362 2112 1552 2149 advenis-

66 2187 140 2224 set,
165 2187 393 2217 revertente
417 2178 651 2231 Chilperico
674 2192 771 2230 rege
807 2180 855 2216 de
881 2178 1111 2224 venatione,
1149 2177 1263 2214 missi
1298 2185 1391 2214 sunt
1425 2176 1556 2214 homi-

65 2246 151 2284 cide
173 2246 362 2285 inebriati
383 2248 502 2285 vinox
524 2261 545 2285 a
562 2247 848 2299 Fredeguude,
868 2256 905 2285 et
928 2248 1022 2284 dum
1044 2260 1115 2284 rex
1137 2247 1186 2283 de
1209 2259 1313 2296 equo
1337 2245 1556 2282 descende-

64 2320 139 2358 ret,
163 2312 352 2350 euntibus
376 2313 546 2364 reliquis
569 2313 760 2364 personis
783 2314 832 2350 ad
860 2312 1092 2350 mansiones
1116 2325 1226 2356 suaS‚
1251 2310 1330 2361 ipsi
1353 2310 1553 2360 gladiato-

65 2393 130 2418 res
150 2390 444 2431 percusserunt
464 2394 603 2433 regem
624 2382 665 2419 in
686 2390 869 2419 ventrem
893 2394 1009 2418 suum
1032 2381 1191 2418 duobus
1222 2379 1480 2416 scramsaxis.
1506 2379 1557 2416 At

66 2449 132 2486 ille
153 2449 382 2487 vociferans
423 2459 605 2488 mortuus
641 2459 715 2488 est.
752 2450 1095 2488 Adclamaverunt
1128 2457 1258 2486 autem
1294 2447 1555 2485 insidiatores

67 2530 169 2568 quos
204 2517 347 2568 regina
380 2518 577 2556 miserat:
617 2535 633 2553 «
661 2517 828 2565 Insidie‚
866 2518 1013 2555 insidie
1049 2526 1143 2554 sunt
1178 2516 1249 2554 hec
1287 2515 1553 2560 Childeberti,

68 2601 85 2620 (ε
118 2585 228 2637 regis
251 2585 407 2632 Austri,
434 2600 559 2638 super
579 2587 786 2624 dominum
808 2595 994 2625 nostrum
1016 2599 1169 2637 regem.
1197 2601 1214 2619 n
1249 2584 1359 2622 Tunc
1395 2583 1550 2621 exerci-

64 2661 127 2692 tus
163 2654 238 2692 huc
273 2655 450 2707 illucque
491 2656 787 2704 discurrentes,
831 2669 919 2694 cum
959 2655 1059 2692 nihil
1094 2653 1361 2699 invenissent,
1399 2652 1552 2690 reversi

104 2803 373 2874 t)tH4ySpaniam
402 2804 436 2835 F.
461 2803 499 2834 G.
522 2822 563 2827 -—
583 2805 617 2844 u)
646 2804 784 2834 stabulo
811 2814 977 2844 equorum
1006 2804 1039 2837 F.
1064 2803 1102 2833 G.
1126 2821 1166 2825 —
1198 2805 1229 2842 v)
1253 2811 1428 2832 movemur
1461 2802 1496 2830 A.
1515 2819 1554 2822 —

65 2850 97 2884 x)
118 2854 135 2873 e
171 2867 180 2874 .
203 2869 207 2874 .
