1908 3256
262 251 312 288 96
784 263 969 288 „mmmm
1001 263 1242 288 cnnomcox

261 352 497 398 transvecti,
523 353 570 389 ad
607 352 864 390 Tarisianum
884 359 896 380 Υ
930 361 1109 404 portum,
1146 353 1257 391 nullo
1296 354 1626 392 adversariorum
1668 368 1763 393 sen-

263 417 400 457 tiente,
419 418 600 469 regressi
622 427 730 465 sunt,
755 427 792 456 et
816 419 1037 470 imperator
1059 418 1099 455 in
1117 418 1374 471 Aquisgrani
1398 419 1620 458 celebravit
1639 419 1764 458 Nata-

263 483 340 520 lem
366 484 545 521 Domini.

321 558 381 593 19.
407 579 458 584 -
481 558 601 593 Anno
623 557 854 607 superiore,
879 565 1052 608 quatuor
1071 570 1199 594 nonas
1224 557 1571 608 septembris,suit
1596 557 1763 609 eclipsis

262 620 371 666 lune,
398 630 435 658 et
458 623 587 660 stabat
608 622 667 659 sol
688 622 727 658 in
751 631 863 660 sexta
891 622 1046 660 decima
1067 631 1181 674 parte
1201 622 1400 674 Virginis,
1430 623 1524 660 luna
1561 631 1692 660 autem
1723 623 1763 661 in

263 696 377 724 sexta
399 688 555 724 decima
578 694 716 739 partez
738 687 933 725 Piscium.
962 688 1047 725 Hoc
1074 697 1204 725 autem
1225 702 1345 733 anno,
1382 688 1421 726 id
1456 696 1518 725 est
1548 689 1596 725 ab
1628 688 1764 726 incar-

263 753 427 790 natione
448 753 612 790 Domini
637 759 731 791 ncc⁰
753 759 843 800 x·110,
864 754 997 805 pridie
1020 754 1099 791 kal.
1134 754 1342 800 februarii,
1371 754 1444 792 fuit
1478 754 1572 791 luna
1602 759 1707 792 xvn⁰
1727 762 1765 791 et

264 818 381 855 stella
394 818 508 855 Jovis
523 819 639 870 quasi
655 833 730 870 per
743 833 827 857 eam
843 820 1020 857 transire
1036 820 1204 866 visaest‚
1219 829 1256 857 et
1273 828 1446 871 quatuor
1462 820 1553 857 idus
1571 820 1763 858 februarii

262 884 335 921 fuit
360 884 527 935 eclipsis
554 885 652 922 solis
677 885 807 922 media
830 885 910 931 die,
936 894 1066 923 stante
1102 894 1276 936 utroque
1319 885 1453 922 sidere
1491 885 1532 922 in
1569 885 1764 922 vicesima

262 950 404 1000 quinta
437 960 551 1001 parte
585 951 771 1002 Aquarii.
808 951 958 989 Iterum
1000 960 1175 1003 quatuor
1205 951 1283 988 kal.
1310 951 1449 988 marcii
1481 951 1555 989 fuit
1595 950 1762 1002 eclipsis

261 1016 353 1053 lune
374 1025 410 1053 et
433 1026 710 1068 apparuerunt
730 1018 838 1055 acies
857 1018 996 1055 eadem
1018 1026 1136 1055 nocte
1166 1017 1266 1055 mire
1299 1017 1609 1069 magnitudiniS,
1632 1025 1670 1054 et
1701 1016 1763 1054 sol

262 1082 372 1120 stelit
395 1083 434 1119 in
454 1083 667 1120 undecima
685 1092 799 1134 parte
822 1083 1019 1129 Piscium,
1045 1092 1082 1121 et
1105 1083 1199 1121 luna
1218 1084 1258 1121 in
1281 1083 1494 1121 undecima
1515 1088 1653 1134 parte³
1673 1082 1762 1120 Vir-

259 1148 384 1199 ginis,
411 1156 447 1185 et
472 1148 588 1185 stella
609 1148 804 1186 Mercurii
825 1154 912 1186 xV1⁰
943 1149 1022 1186 kal.
1046 1149 1188 1200 aprilis
1222 1150 1311 1186 visa
1348 1158 1409 1186 est
1441 1149 1481 1186 in
1522 1149 1606 1186 sole
1645 1148 1762 1199 quasi

260 1213 431 1264 parvula
454 1214 610 1251 macula
631 1214 763 1265 nigra,
799 1223 932 1252 tamen
967 1214 1175 1265 paululum
1217 1215 1407 1266 superius
1448 1215 1580 1252 medio
1622 1223 1761 1252 centro

261 1277 443 1329 ejusdem
487 1279 651 1325 sideris,
695 1293 772 1331 que
807 1288 898 1317 octo
937 1280 1025 1317 dies
1067 1280 1107 1317 in
1143 1280 1314 1317 Francia
1342 1289 1562 1331 conspecta
1580 1289 1655 1318 est.
1681 1279 1762 1317 Sed

258 1346 420 1395 quando
442 1345 618 1396 primum
641 1346 806 1384 intravit
820 1346 884 1383 vel
905 1346 1016 1391 exiit,
1041 1346 1218 1383 nubibus
1242 1346 1576 1397 impedientibus,
1596 1346 1760 1384 minime

258 1410 390 1461 potuit
416 1411 616 1448 adnotari.
642 1411 693 1448 Et
725 1425 863 1449 mense
904 1420 1077 1463 augusto
1108 1418 1168 1449 XIO
1200 1412 1279 1449 kal.
1303 1412 1549 1463 septembris
1588 1412 1756 1463 eclipsis

258 1476 352 1513 lune
375 1477 476 1513 facta
498 1485 559 1514 est
579 1476 678 1514 hora
696 1478 816 1514 tertia
838 1477 987 1523 noctis,
1013 1477 1098 1514 sole
1130 1478 1266 1529 posito
1300 1478 1340 1515 in
1366 1478 1506 1529 quinta
1528 1486 1643 1529 parte
1664 1477 1760 1515 Vir-

258 1542 366 1593 ginis
391 1551 428 1580 et
444 1542 539 1580 luna
561 1543 601 1580 in
624 1543 766 1594 quinta
786 1552 900 1594 parte
923 1543 1119 1581 Piscium.
1147 1543 1297 1595 Sicque
1320 1545 1368 1581 ab
1391 1544 1485 1581 anni
1505 1542 1760 1595 superiorisb

259 1609 504 1659 septembris
528 1622 658 1659 usque
681 1610 730 1646 ad
751 1610 845 1646 anni
869 1609 1076 1660 presentis
1110 1609 1405 1660 septembrium
1439 1618 1501 1647 ter
1541 1611 1758 1647 obscurata

258 1682 319 1710 est
341 1673 434 1711 luna
453 1683 490 1711 et
513 1674 574 1711 sol
592 1674 731 1711 semel.
758 1674 871 1712 Tunc
895 1674 1133 1721 Ratbertus,
1155 1675 1307 1712 missus
1324 1675 1600 1726 imperatoris,
1619 1675 1688 1726 qui
1709 1675 1758 1712 de

259 1738 427 1776 Oriente
451 1741 769 1785 revertebaturc,
795 1741 1012 1778 defunctus
1037 1749 1112 1785 est,
1139 1748 1176 1777 et
1197 1740 1356 1791 legatus
1382 1740 1493 1792 regis
1518 1740 1756 1786 Persarum,

257 1804 419 1841 nomine
434 1804 622 1850 Abdella,
648 1819 736 1842 cum
773 1805 983 1843 monachis
1020 1807 1069 1843 de
1108 1805 1350 1851 Jerusalem,
1376 1806 1445 1858 qui
1485 1806 1606 1858 legati
1645 1814 1760 1843 erant

256 1869 410 1907 Thome
429 1870 676 1921 patriarche,
702 1871 742 1908 id
763 1880 824 1909 est
842 1870 1047 1923 Georgius
1071 1880 1109 1908 et
1127 1871 1255 1917 Felix,
1278 1873 1402 1909 abbas
1431 1873 1479 1909 de
1498 1880 1634 1909 monte
1669 1871 1759 1909 Oli-

252 1936 349 1982 veti,
369 1949 587 1987 germanus
605 1936 874 1987 patriarched,
899 1946 1178 1988 pervenerunt
1198 1938 1248 1975 ad
1270 1937 1577 1988 imperatorem,
1591 1949 1759 1974 munera

257 2002 487 2039 deferentes
507 2015 585 2053 que
608 2015 679 2039 rex
704 2002 925 2040 Persarum
945 2003 1110 2040 miserat
1129 2002 1370 2054 imperatori
1395 2002 1562 2049 Karolo,
1585 2001 1758 2053 papilio-

257 2080 347 2104 nem
371 2076 409 2104 et
430 2067 605 2104 tentoria
627 2067 717 2105 atrii
739 2068 854 2105 vario
877 2067 1012 2105 colore
1035 2069 1138 2105 sacta
1161 2068 1283 2105 mirae
1308 2067 1601 2119 magnitudinis
1618 2075 1656 2104 et
1670 2066 1758 2118 pul-

258 2131 516 2179 chritudinis,
542 2133 675 2170 omnia
710 2147 758 2170 ex
788 2133 902 2170 bisso
925 2147 1014 2171 cum
1052 2134 1439 2184 funibus,preterea
1474 2132 1597 2184 pallia
1628 2132 1760 2169 serica

256 2198 573 2248 pretiosissima,
599 2200 764 2244 odores,
787 2208 966 2237 aromata
982 2208 1020 2237 et
1041 2199 1235 2246 balsama,
1256 2208 1294 2237 et
1314 2198 1572 2250 horologium
1592 2212 1640 2236 ex
1655 2198 1758 2235 auri—

256 2263 366 2300 calco
386 2272 470 2301 arte
488 2264 719 2302 mechanica
742 2265 1028 2316 compositum,
1054 2265 1094 2302 in
1124 2279 1204 2316 quo
1238 2278 1297 2303 ΧΗ
1332 2264 1523 2302 horarum
1543 2277 1688 2302 cursus
1710 2264 1759 2301 ad

259 2328 523 2380 clepsidrame
544 2332 794 2376 vertebatur,
813 2344 902 2368 cum
917 2331 1084 2368 totidem
1107 2331 1237 2368 aereis
1254 2331 1394 2382 pilulis
1411 2344 1489 2381 que
1511 2331 1561 2368 ad
1583 2330 1759 2381 comple-

258 2395 412 2433 tionem
437 2395 628 2433 horarum
656 2396 897 2433 decidebant
916 2405 954 2433 et
990 2410 1085 2433 casu
1105 2395 1332 2447 subjectum
1351 2396 1429 2434 sibi
1446 2395 1663 2434 cimbalum
1676 2395 1759 2434 tin-

262 2461 350 2498 nire
375 2461 589 2499 saciebant.
609 2462 817 2513 Erantque
837 2462 877 2499 in
893 2462 984 2513 ipso
1011 2474 1069 2498 XII
1093 2462 1299 2500 caballarii
1318 2462 1387 2513 qui
1417 2475 1492 2513 per
1524 2474 1585 2499 ΧΠ
1622 2462 1759 2499 fenes-

259 2535 363 2573 tras,
407 2527 622 2578 completis
658 2527 788 2574 horis,
822 2527 1009 2565 exiebant
1035 2536 1073 2565 et
1108 2528 1261 2579 impetu
1289 2527 1542 2579 egressionis
1583 2540 1670 2574 sue,
1699 2539 1759 2564 xil

301 2700 333 2739 y)
357 2699 575 2730 Tarsianum
596 2700 631 2730 F.
649 2717 687 2722 —
703 2700 731 2738 z)
760 2699 950 2740 virginis...
975 2704 1075 2740 parte
1096 2700 1189 2729 deest
1211 2699 1247 2736 F,
1270 2717 1309 2723 —
1330 2699 1364 2740 a)
1388 2699 1578 2729 Piscium...
1603 2698 1758 2740 Virginis

261 2740 356 2770 deest
380 2741 417 2772 F.
435 2760 473 2764 —
493 2741 529 2781 b)
546 2741 718 2782 superiori
741 2741 777 2773 E.
795 2741 831 2772 F.
855 2741 956 2771 annis
978 2741 1220 2782 superioribus
1248 2743 1285 2771 Α.
1308 2759 1347 2763 —-
1374 2741 1405 2781 c)
1425 2741 1677 2778 revertebatur,
1699 2740 1757 2782 qui

264 2782 301 2812 D.
327 2801 367 2807 —
392 2783 428 2823 d)
448 2783 486 2813 Id
508 2788 599 2814 est...
623 2788 859 2824 pervenerunt
878 2783 972 2813 deest
992 2784 1030 2819 D,
1048 2784 1084 2819 E,
1109 2784 1145 2819 F,
1169 2785 1260 2815 (ἆ.-
1286 2783 1527 2823 e)clepsidam
1552 2785 1590 2813 A.
