1908 3256
170 2554 205 2579 29

174 2817 209 2843 :50

323 297 398 331 202
853 307 1038 332 mmmmm
1071 306 1311 331 unnoxicox

321 397 475 448 posuit,
500 397 594 448 quia
617 397 875 434 infestatione
907 396 1238 434 Normannorum
1260 396 1366 433 idem
1407 396 1522 434 locus
1549 410 1570 434 a
1588 399 1812 437 monacho—

322 475 410 500 rum
424 463 562 513 prisca
580 462 827 500 habitatione
845 463 1086 500 desciverat.
1105 462 1669 501 Restauravitmonasterium
1682 464 1819 503 Sancti

321 527 516 566 Maxentii
538 537 575 566 et
595 529 805 566 castellum
822 529 862 566 in
886 529 1058 566 circuitu
1081 528 1265 579 perfecit.
1304 527 1566 566 Restauravit
1588 537 1626 567 et
1654 543 1820 568 monas-

322 595 468 631 terium
502 595 640 632 Sancti
670 594 883 632 Michaelis
906 595 954 632 ad
979 594 1215 639 lleremum,
1232 602 1270 631 et
1288 594 1412 632 multa
1430 594 1506 631 alia
1533 594 1750 633 laudabilia
1780 596 1821 633 in

325 673 450 711 opere
474 659 639 697 Domini
664 660 761 712 egit.
787 661 864 708 Qui
888 661 1103 698 defunctus
1132 659 1319 712 sepultus
1334 667 1396 697 est
1415 659 1455 697 in
1484 660 1653 698 basilica
1674 674 1821 713 supra-

324 726 422 764 dicti
441 727 680 764 monasterii
704 727 842 764 Sancti
864 727 1029 778 Angeli.

355 984 528 1036 (Izssz‘trczit
551 987 602 1022 (lu
627 988 844 1022 manuscrit
866 987 962 1022 latin
995 988 1096 1023 6:³90
1119 986 1167 1021 dc
1199 988 1238 1021 la
1272 985 1546 1035 Bibliotleeqae
1580 987 1798 1033 nationale)

837 1092 898 1130 F0⁵
921 1094 985 1140 53,
1022 1093 1087 1139 54,
1121 1094 1170 1131 55
1196 1101 1235 1131 et
1256 1095 1304 1131 57

380 1218 509 1265 Tunc,
566 1218 707 1256 Ruino-
764 1219 971 1263 defuncto,
1023 1218 1130 1256 filius
1179 1217 1280 1270 ejus,
1324 1218 1560 1256 VVillelmus
1620 1218 1825 1257 Ricardus

325 1285 450 1342 (filius
474 1283 575 1336 ejus)
600 1284 640 1321 in
662 1285 895 1336 principatu
930 1284 1147 1337 Rotomagi
1186 1285 1429 1331 succedens,
1455 1284 1825 1322 christianissimus

331 1352 475 1397 factus,
498 1350 700 1388 edificavit
722 1350 762 1387 in
791 1364 836 1388 ea
857 1351 1125 1388 Nortmandia
1147 1364 1248 1402 quae
1274 1360 1391 1388 antea
1417 1352 1639 1389 vocabatur
1658 1350 1827 1388 marcha

330 1416 524 1454 Franciae
541 1425 579 1455 et
601 1417 854 1463 Britanniae,
880 1417 1173 1455 monasterium
1203 1417 1341 1454 Sancti
1373 1417 1586 1454 Michaelis
1615 1417 1663 1454 de
1686 1416 1826 1455 Monte

327 1483 395 1520 ubi
419 1497 611 1521 monacos
633 1483 787 1535 posuit,
818 1483 997 1534 itemque
1020 1483 1313 1521 monasterium
1337 1483 1563 1520 Fescanum
1597 1483 1639 1520 in
1670 1482 1826 1521 honore

332 1563 511 1587 summae
532 1549 761 1597 Trinitatis,
786 1550 854 1587 ubi
876 1550 1060 1601 sepultus
1084 1558 1159 1595 est,
1185 1550 1275 1600 ipse
1298 1549 1366 1586 ubi
1389 1558 1426 1587 et
1451 1548 1673 1586 monachos
1697 1549 1822 1586 misit.

331 1615 581 1653 Francorum
604 1616 760 1654 interea
785 1629 881 1667 rege
914 1615 1124 1653 Ludovico
1154 1616 1237 1653 vita
1265 1624 1452 1660 exeunte,
1477 1615 1664 1667 regnavit
1681 1628 1758 1666 pro
1781 1628 1828 1653 eo

332 1681 551 1719 Lotharius
570 1683 677 1719 filius
701 1681 803 1733 ejus,
826 1696 873 1719 ex
887 1681 1092 1733 Girberga
1114 1682 1256 1733 regina
1272 1675 1532 1733 progenitus.

383 1747 472 1795 Quo
513 1756 713 1799 tempore,
752 1748 985 1793 Fulcaldus‚
1005 1748 1226 1799 episcopus
1265 1747 1583 1799 Egolismensis,
1611 1755 1829 1798 postquam

327 1814 480 1864 prefuit
524 1826 583 1851 x11
628 1814 761 1858 annis,
811 1815 1027 1851 defunctus
1078 1823 1153 1859 est,
1207 1822 1244 1851 et
1279 1813 1480 1850 successit
1512 1814 1552 1850 in
1589 1813 1829 1864 episcopatu

330 1880 489 1917 Ebulus
512 1880 580 1931 qui
602 1890 639 1917 et
661 1881 749 1931 ipse
774 1892 833 1916 x11
856 1880 972 1916 annis
998 1880 1188 1931 praefuit.
1214 1879 1452 1916 XVillelmus
1483 1879 1661 1930 denique
1685 1879 1830 1916 Sector

328 1946 441 1991 ferri,
459 1946 526 1997 qui
550 1946 625 1983 hoc
651 1959 879 1996 cognomen
894 1946 1064 1996 adeptus
1088 1954 1149 1982 est
1169 1945 1262 1996 quia
1290 1945 1503 1982 loricatum
1532 1944 1828 1982 Nortmannum

327 2012 368 2049 in
392 2012 612 2049 luctamine
637 2025 775 2048 ensem
798 2011 971 2062 proprio
992 2011 1156 2048 nomine
1187 2019 1302 2048 corto
1336 2011 1562 2048 durissimo
1590 2024 1666 2061 per
1699 2010 1831 2047 media

325 2078 507 2129 pectoris
531 2086 569 2114 et
590 2077 746 2114 ventris
769 2077 898 2114 secuit
920 2090 999 2113 una
1018 2085 1171 2114 tantum
1197 2077 1461 2127 pcrcusione,
1481 2076 1676 2113 claudens
1706 2076 1828 2116 diem,

326 2144 512 2195 sepultus
527 2144 716 2196 est-juxta
738 2143 948 2180 basilicam
973 2143 1111 2180 Sancti
1136 2142 1318 2193 Eparcii,
1345 2151 1382 2180 et
1400 2156 1476 2193 per
1503 2155 1581 2178 xxx
1606 2155 1734 2179 annos
1753 2155 1829 2192 pro

327 2225 373 2248 eo
392 2210 615 2262 principati
640 2218 733 2248 sunt
767 2209 1005 2246 Bernardus
1028 2222 1179 2254 comes,
1214 2208 1360 2245 deinde
1395 2208 1467 2244 filii
1503 2206 1590 2259 ejus
1623 2205 1829 2244 Arnaldus

328 2286 604 2328 cognomento
651 2275 869 2321 Borracio,
910 2275 1057 2312 deinde
1094 2274 1333 2311 W'illelmus
1373 2274 1641 2319 Talerandus,
1684 2272 1830 2310 deinde

330 2343 558 2380 Rannulfus
590 2342 840 2393 Bomparius
866 2354 985 2392 quem
1020 2340 1243 2384 Arnaldus,
1286 2339 1394 2376 filius
1415 2339 1618 2376 Willelmi
1649 2338 1831 2376 Sectoris

331 2410 443 2452 ferri,
488 2409 596 2447 bello
640 2417 927 2459 prosternens,
962 2420 1098 2444 comes
1140 2406 1377 2457 Egolismae
1414 2405 1455 2442 in
1490 2405 1580 2443 loco
1608 2405 1737 2456 patris
1769 2395 1831 2441 sui

330 2476 476 2513 extitit.

391 2542 464 2578 His
518 2541 776 2592 temporibus
827 2539 1059 2576 Aimericus
1113 2551 1194 2575 non
1242 2536 1480 2583 monachus,
1523 2538 1647 2574 abbas
1696 2535 1832 2573 Sancti

332 2607 557 2653 Marcialis,
584 2607 757 2644 moritur
782 2615 818 2643 ct
840 2606 880 2642 in
899 2606 976 2642 fine
1000 2618 1194 2641 monacus
1217 2603 1348 2641 extitit
1376 2603 1470 2653 quia
1488 2616 1559 2639 rex
1581 2602 1829 2647 Ludovicus,

337 2675 484 2711 timens
508 2673 595 2725 ejus
618 2673 879 2717 tirannidem,
897 2671 1096 2708 abbatiam
1117 2670 1254 2707 Sancti
1277 2668 1477 2706 Martialis
1500 2668 1535 2705 ei
1558 2667 1830 2713 commiserat,

341 2740 608 2777 sacramentis
631 2748 763 2775 tamen
783 2737 923 2789 jurare
948 2737 1041 2774 fecit
1062 2745 1105 2773 ut
1124 2749 1315 2773 monacus
1333 2743 1442 2772 esset
1458 2735 1629 2771 futurus.

389 2806 500 2842 Tun(-
552 2805 770 2842 Guillelmo
818 2805 918 2840 duce
969 2803 1076 2853 apud
1124 2803 1315 2839 Sanctum
1365 2800 1615 2837 Maxentium
1663 2799 1704 2835 in
1744 2811 1832 2835 mo-
