1908 3256
711 337 829 364 mmm
862 336 1014 361 ptumus
1557 331 1605 367 29

101 432 222 484 plena
242 430 414 475 dierum,
440 442 532 480 que,
552 442 640 466 cum
657 440 804 479 magno
825 427 1084 478 psallentium
1099 438 1307 480 apparatu,
1330 429 1514 466 Parisius
1532 431 1602 468 de-

102 496 316 549 portatain
333 495 512 534 sacrario
533 493 700 532 basilice
724 493 860 531 Sancti
888 492 1001 531 Petri
1035 495 1083 531 ad
1110 494 1213 531 latus
1246 494 1440 532 Clodovei
1464 496 1599 546 regis,

104 562 181 601 viri
204 562 280 608 sui,
311 560 469 613 sepulta
491 567 553 598 est
579 574 600 597 a
620 559 713 598 filiis
737 559 837 605 suiS,
858 557 1122 597 Childeberto
1145 568 1183 597 et
1205 559 1414 598 Clothario
1429 561 1605 612 regibus

106 628 297 666 humatan.
318 626 376 665 Ibi
394 634 432 664 et
448 625 685 664 beatissima
701 624 908 663 Genovesa
924 624 1083 676 sepulta
1098 633 1173 663 est.
1194 624 1425 663 Clotharius
1441 639 1606 677 quoque

106 706 177 731 rex
223 693 271 731 de
306 691 484 731 diversis
518 691 759 729 mulieribus
792 697 949 741 septem
973 689 1111 728 habuit
1142 690 1262 735 filios,
1302 690 1341 728 id
1363 699 1424 728 est
1453 691 1500 729 de
1542 691 1608 728 ln-

107 759 274 811 gunde:
310 758 553 796 Gontarium
568 762 597 803 ⁰,
643 756 938 801 Childericum,
982 756 1308 801 Charibertumv,
1336 755 1607 801 Guntranurn,

110 825 396 877 Sigebertumq
417 831 455 861 et
472 823 728 878 Clotsindam
745 821 866 859 filiam
887 837 895 867 ;
918 822 966 860 de
989 821 1240 874 Radegunde
1263 835 1441 873 quoque,
1467 836 1611 860 sorore

111 889 323 942 Ingundis,
348 889 489 927 habuit
506 888 787 940 Chilpericum
813 903 820 934 ;
846 889 894 926 de
918 887 1117 934 Gunsina,
1133 887 1272 925 habuit
1287 887 1509 926 Chranum.
1531 887 1612 924 Pro

111 968 247 994 amore
269 955 376 993 enim
401 954 615 1006 lngundis,
639 967 685 992 eo
710 954 820 1005 quod
833 962 943 991 esset
957 952 1127 1005 pulchra
1149 961 1186 990 et
1202 953 1364 997 decora,
1384 961 1422 991 et
1437 953 1525 1004 ipse
1554 966 1612 990 es-

116 1030 177 1060 set
206 1021 327 1059 nimis
351 1020 604 1065 luxuriosus,
639 1020 950 1071 Radegundem,
987 1032 1171 1057 sororem
1188 1017 1290 1070 ejuS‚
1322 1019 1361 1055 in
1382 1017 1614 1069 conjugium

117 1088 287 1139 accepit.
307 1086 593 1124 Theodoaldus
611 1095 742 1124 autem
759 1099 844 1131 rex,
869 1086 975 1123 filius
999 1085 1289 1132 Theodeberfi,
1322 1085 1434 1136 regis
1449 1083 1615 1122 Austra-

119 1153 288 1200 siorum,
314 1160 505 1204 egrotans
523 1153 634 1189 febre
647 1151 793 1198 valida,
813 1160 996 1189 mortuus
1016 1150 1369 1202 est‚regnavitque
1390 1150 1505 1186 annis
1528 1163 1616 1200 sep-

118 1228 212 1257 tem.
237 1218 426 1270 Regnum
443 1216 529 1269 ejus
548 1217 782 1256 Clotharius
799 1231 869 1255 rex
884 1231 972 1255 cum
990 1216 1126 1254 multis
1142 1215 1345 1253 thesauris
1362 1215 1531 1267 accepit.
1559 1215 1618 1253 Eo

120 1297 225 1322 auno
247 1283 543 1322 rebellantibus
564 1283 812 1328 saxonibus,
839 1282 1073 1321 Clotharius
1097 1295 1182 1328 rex,
1220 1289 1420 1319 commoto
1447 1281 1619 1319 Franco-

121 1362 209 1387 rum
241 1348 436 1395 exercitu,
471 1356 613 1386 contra
657 1361 726 1385 eos
762 1361 942 1400 pugnam
973 1346 1063 1384 iniit
1100 1360 1225 1397 super
1252 1346 1397 1384 Visera
1413 1352 1438 1393 f,
1456 1346 1619 1384 fluvium

124 1429 279 1460 eorum,
310 1424 349 1454 et
379 1415 601 1453 exercitum
626 1415 841 1452 maximum
864 1413 1081 1458 interfecit,
1112 1421 1344 1463 terramque
1367 1425 1506 1450 eorum
1527 1426 1621 1450 vas-

124 1482 235 1527 tavit,
259 1495 489 1534 pervagans
513 1489 636 1519 totam
659 1480 879 1532 Toringam
903 1493 946 1517 ac
961 1478 1215 1530 depopulans
1233 1492 1278 1516 eo
1301 1479 1410 1529 quod
1436 1478 1621 1516 solatium

127 1548 355 1586 Saxonibus
373 1548 651 1600 prebuissent.

180 1617 242 1653 727.
267 1637 318 1642 —-
340 1613 652 1665 Chramnusque
673 1614 808 1664 itaque
827 1612 932 1650 filius
957 1594 1173 1651 Clotharii‘
1185 1620 1271 1650 erat
1300 1611 1469 1663 pulcher
1490 1624 1533 1649 ac
1552 1612 1623 1648 de-

127 1693 262 1726 corus,
283 1679 403 1717 nimis
427 1681 597 1717 acerbus
618 1687 655 1716 et
677 1678 862 1716 callidus.
887 1677 963 1726 Qui
988 1692 1077 1716 cum
1115 1677 1220 1715 ultra
1258 1676 1446 1728 Ligerem
1471 1690 1492 1714 a
1510 1684 1624 1728 patre

125 1745 275 1784 missus
299 1745 339 1783 in
358 1745 447 1783 loco
466 1743 552 1796 ejus
574 1745 717 1782 fuisset
732 1749 759 1790 ⁵,
779 1744 913 1795 coepit
944 1744 1153 1795 regionem
1172 1742 1280 1780 illam
1302 1742 1418 1780 valde
1439 1742 1626 1794 nequiter

124 1811 373 1863 opprimere.
418 1811 536 1859 Quod
572 1824 661 1848 cum
695 1810 802 1861 patri
837 1809 1069 1848 nunciatum
1108 1809 1265 1854 fuisset,
1302 1808 1369 1846 ille
1401 1822 1490 1846 eum
1510 1808 1559 1845 ad
1583 1820 1625 1844 se

124 1877 263 1916 venire
285 1877 485 1929 precepit,
512 1877 587 1914 sed
611 1876 840 1914 Chramnus
862 1889 943 1913 non
970 1874 1098 1913 voluit
1117 1876 1124 1895 ¹
1157 1872 1387 1925 jussionem
1405 1873 1535 1925 patris
1555 1873 1626 1910 im·

126 1943 254 1994 plere,
278 1951 316 1981 et
352 1942 494 1980 durius
518 1955 661 1994 agens,
685 1941 900 1980 VVilecarii
934 1941 1056 1978 filiam
1094 1940 1256 1978 nomine
1282 1939 1475 1978 Chaldam
1515 1938 1629 1976 duxit

126 2021 294 2047 uxorem
309 2014 339 2046 ¹¹.
363 2007 653 2060 Apprehensis
684 2007 821 2045 multis
844 2006 1063 2053 thesauris,
1099 2005 1284 2043 Parisius
1316 2005 1502 2051 veniens,
1540 2017 1629 2042 cum

126 2074 389 2113 Childeberto
412 2087 525 2126 rege,
552 2073 738 2125 patruele
758 2086 847 2119 suo,
872 2080 1125 2110 sacramento
1145 2071 1389 2110 constrictus
1409 2079 1470 2109 est
1483 2068 1627 2122 jurans

125 2153 167 2177 se
184 2140 288 2192 patri
312 2153 404 2178 esse
425 2139 702 2178 certissimum
726 2139 948 2176 inimicum.
970 2138 1070 2176 Cum
1094 2145 1225 2176 autem
1248 2136 1538 2175 Childebertus
1558 2149 1627 2172 rex

126 2214 312 2258 egrotare
344 2205 552 2257 coepisset
590 2204 822 2243 diutissime
845 2204 1031 2242 Parisius
1060 2203 1257 2249 febribus,
1294 2203 1500 2240 decubans
1520 2213 1631 2238 mor-

130 2280 223 2309 tuus
245 2279 320 2317 est,
343 2279 381 2308 et
401 2271 442 2308 in
463 2270 635 2308 basilica
656 2270 762 2308 beati
789 2269 993 2307 Vincentii
1017 2269 1206 2320 martyris
1250 2281 1369 2319 quam
1409 2267 1497 2319 ipse
1535 2279 1633 2304 con-

133 2345 349 2382 struxerat,
374 2344 436 2375 est
458 2335 661 2387 sepultus.
702 2333 830 2387 Cujus
852 2348 1024 2387 regnum
1061 2342 1098 2372 et
1129 2333 1364 2372 thesaurum
1402 2331 1633 2371 Clotharius

133 2403 302 2454 accepit.
328 2401 557 2440 Chramnus
577 2414 743 2453 quoque
777 2414 867 2439 cum
889 2401 1061 2439 evadere
1083 2413 1163 2437 non
1183 2407 1325 2451 posset
1344 2406 1516 2450 patrem,
1541 2397 1634 2435 Bri-

134 2477 278 2506 tannos
299 2467 430 2520 petiit.
453 2467 513 2505 lbi
533 2480 622 2505 cum
645 2466 856 2513 Conobro‚
880 2479 977 2518 rege
1014 2465 1319 2511 Britannorum,
1359 2464 1449 2515 ipse
1472 2472 1510 2501 et
1533 2475 1635 2501 uxor

135 2532 221 2586 ejus
240 2542 279 2572 et
299 2533 379 2572 filie
401 2531 489 2585 ejus
507 2532 726 2571 latuerunt.
748 2531 997 2570 NVilecarius
1017 2540 1163 2575 autem,
1185 2543 1302 2568 socer
1327 2527 1429 2581 ejuS‚
1457 2529 1633 2566 Turonis

136 2600 184 2638 ad
206 2599 415 2637 basilicam
437 2598 575 2637 Sancti
594 2597 760 2636 Martini
789 2597 984 2649 confugit.
1011 2597 1124 2635 Tunc
1145 2596 1235 2647 ipsa
1253 2595 1423 2633 basilica
1442 2607 1515 2645 per
1538 2607 1634 2645 pec-

178 2725 214 2765 n)
232 2724 377 2756 humata
397 2723 491 2754 deest
511 2723 549 2759 D,
573 2723 610 2759 E,
634 2722 670 2757 F,
687 2721 725 2754 G.
755 2740 796 2769 Τ-
815 2723 847 2760 o]
869 2721 1102 2753 Guntharium
1129 2721 1164 2756 F,
1179 2720 1226 2767 οὓ.
1250 2736 1291 2742 —-
1308 2719 1344 2759 p)
1368 2718 1638 2749 Carichbertum

138 2766 226 2804 F‚G‚
248 2769 316 2797 mot
335 2765 444 2807 efface'
461 2765 549 2795 dans
569 2765 606 2810 A:
624 2781 665 2787 —--
685 2765 718 2804 q)
736 2763 970 2811 sigisbertum
992 2763 1073 2811 EJ-
1097 2764 1126 2802 r)
1148 2762 1307 2791 Viseram
1329 2762 1365 2791 A,
1384 2778 1424 2784 —-
1447 2762 1491 2811 s)5
1501 2762 1585 2810 Toni
1607 2771 1642 2789 ce

136 2805 720 2890 J—›itstspxgghcllietpssis{oelp'itbqusgzssl'ss
730 2809 945 2877 ειὲιζέξὲῗὲυῗ
977 2805 1101 2835 fuisset
1120 2813 1265 2843 manque
1286 2802 1374 2832 dans
1395 2802 1433 2837 D,
1466 2802 1503 2837 L,
1540 2802 1575 2837 1⁴,
1599 2801 1638 2832 G.
