1908 3256
730 379 956 405 APPENDICE
1503 373 1579 407 20⁰

90 475 374 520 praeparatum
392 465 688 517 Aquitanorum
711 468 929 505 exercitum
954 476 1093 506 eontra
1108 483 1149 505 se
1167 470 1214 506 ad
1236 470 1398 516 bellum,
1423 479 1576 507 terrore

93 533 232 572 divino
263 532 513 571 consternati
540 541 632 569 sunt
664 533 779 570 valde
819 534 1021 570 timentes¹
1066 533 1147 571 Nee
1182 535 1268 585 ipsa
1294 544 1408 572 nocte
1443 538 1580 584 sugere

92 598 291 644 valentes,
326 610 415 635 eum
455 605 625 648 propter
662 598 772 635 littus
804 599 924 636 maris
959 599 1185 636 residerent
1219 608 1255 636 et
1283 610 1417 637 aestus
1460 601 1580 637 muris

94 672 190 702 tunc
215 663 351 701 mitior
367 670 490 707 esset,
517 671 553 699 et
572 663 716 700 elassis
745 664 792 700 ad
816 672 960 701 terram
984 666 1127 701 nudam
1158 663 1325 714 jaceret,
1364 680 1434 716 per
1459 675 1578 703 totam

100 740 259 770 noctem
282 731 390 769 circa
411 744 453 768 se
477 732 611 768 foveas
634 741 905 782 prepararunt
920 733 1048 783 virgis
1071 742 1107 770 et
1130 734 1352 784 cespitibus
1375 742 1580 770 contextas

99 797 294 847 desuper,
318 804 359 834 ut
389 796 625 846 ignorantes
659 796 878 833 bellatores
919 797 1220 842 delaberentur,
1252 799 1343 834 dum
1373 807 1581 834 (turrentes

101 862 197 914 equi
216 861 464 913 praecipites
487 862 702 898 ferrentur.
742 861 878 912 ltaque
900 862 1032 912 primo
1060 877 1172 899 mane
1196 864 1374 899 erastino
1396 864 1582 900 nesi-ivn-

98 936 161 966 tes
201 927 368 979 laqueos
409 928 613 964 fovearum
654 927 855 964 exercitus
909 928 1038 971 ducis,
1093 928 1184 978 ipso
1233 929 1332 965 duce
1374 929 1411 965 in
1457 929 1580 978 primu

98 993 245 1030 frontis
262 993 345 1030 acie
363 1000 653 1043 praecurrente
685 992 944 1029 velocissimo
973 1006 1091 1043 equo,
1116 994 1207 1030 dum
1240 993 1370 1029 calor«—
1408 994 1583 1043 pectoris

97 1071 222 1109 super
243 1057 520 1095 Nortmannos
564 1057 675 1094 frena
693 1070 889 1108 equorum
914 1057 1107 1103 laxarent,
1130 1071 1220 1093 mox
1242 1071 1314 1108 per
1337 1059 1469 1094 som-as
1490 1057 1579 1107 equi

96 1137 185 1161 cum
210 1123 445 1162 sessoribus
484 1122 569 1160 suis
593 1122 749 1174 delapsi
784 1131 890 1160 sunt.
924 1122 973 1160 Et
1014 1123 1105 1173 quia
1138 1137 1282 1173 graves
1321 1138 1389 1160 eos
1417 1124 1581 1159 facit—{nit

95 1189 258 1240 pondus
290 1202 509 1234 armorum,
545 1188 710 1239 plurimi
741 1201 760 1224 a
783 1187 1045 1225 Nortmannis
1066 1189 1169 1239 capti
1193 1197 1299 1225 sunt.
1337 1188 1413 1225 Sed
1447 1188 1582 1225 divina

96 1254 229 1305 pietas
251 1255 394 1292 ducem
417 1253 658 1291 mirabiliter
679 1253 841 1304 eripuit.
862 1253 960 1290 Nam
978 1262 1013 1290 et
1034 1254 1122 1304 ipse
1143 1267 1278 1290 casum
1301 1267 1463 1304 passus,
1489 1254 1580 1289 (lum

93 1333 115 1357 a
137 1319 385 1358 Normannis
418 1332 522 1371 pene
539 1318 621 1370 jam
659 1328 885 1370 caperetur,
922 1319 1013 1356 licet
1050 1319 1163 1369 galea
1202 1319 1321 1369 capiti
1366 1327 1403 1355 et
1440 1318 1580 1355 thorax

93 1384 273 1423 humeris
296 1398 484 1437 magnum
507 1397 723 1436 gravamen
747 1392 869 1431 esset,
894 1393 1023 1421 tamen
1038 1384 1283 1421 fortissimus
1303 1384 1459 1420 viribus
1480 1383 1581 1419 saltu

93 1464 265 1489 excusso
287 1465 308 1489 a
341 1453 455 1489 fovea
488 1450 667 1503 prosiliit
706 1451 884 1501 longius,
921 1459 957 1487 et
989 1450 1072 1487 suis
1095 1463 1183 1487 sese
1206 1449 1395 1486 reddidit.
1422 1449 1582 1485 Timore

93 1529 191 1554 vero
208 1530 362 1564 eorum,
386 1516 455 1568 qui
478 1516 598 1568 primi
621 1515 849 1553 ceciderant
872 1523 909 1552 et
931 1515 1034 1566 capti
1064 1513 1143 1565 jam
1176 1515 1430 1558 tenebantur,
1456 1513 1581 1564 (erant

95 1582 201 1619 enim
223 1582 364 1633 plures
383 1581 551 1633 triginta
578 1581 829 1631 nobiliores),
856 1594 905 1617 ne
928 1582 1030 1617 forte
1053 1579 1130 1630 ipsi
1153 1593 1172 1616 a
1192 1579 1436 1616 Normannis
1463 1591 1581 1614 neca-

95 1655 253 1693 rentur,
277 1647 491 1685 dimissum
514 1655 575 1684 est
608 1660 699 1683 mox
726 1646 890 1683 bellum.
932 1645 1125 1696 Sequenti
1162 1658 1258 1681 vero
1287 1644 1415 1680 media
1447 1651 1578 1687 noete,

94 1720 208 1750 aestu
230 1712 354 1750 maris
377 1712 587 1759 invitante,
613 1711 771 1749 concito
795 1724 914 1748 eursu
938 1710 1176 1747 Nortmanni
1200 1722 1287 1746 cum
1311 1709 1436 1759 captis
1462 1708 1580 1744 nobi-

93 1777 202 1815 libus
223 1778 323 1815 viris
337 1777 508 1815 navibus
532 1777 731 1821 insiliunt,
758 1785 795 1814 et
816 1776 964 1813 auxilio
1000 1775 1119 1812 maris
1143 1776 1234 1825 fuga
1270 1773 1424 1810 liberati
1468 1781 1574 1817 sunt,

93 1856 167 1881 nec
185 1843 358 1894 amplius
399 1852 680 1895 apposuerunt
713 1842 851 1879 venire
888 1842 927 1878 in
967 1849 1130 1878 nostros
1170 1841 1284 1877 fines.
1329 1839 1417 1876 Dux
1452 1846 1579 1875 autem

94 1922 207 1955 Suos,
233 1909 302 1960 qui
325 1909 431 1960 capti
448 1917 575 1954 erant,
595 1908 733 1945 missis
756 1915 899 1958 postea
928 1906 1086 1944 nunciis
1109 1906 1157 1943 ad
1178 1905 1465 1949 Nortmannos,
1488 1903 1577 1940 infi-

92 1974 178 2012 nito
199 1975 384 2026 pondere
406 1975 493 2013 auri
513 1983 551 2012 et
566 1973 724 2025 argenti
746 1974 853 2018 dato,
879 1985 1019 2010 omnes
1042 1971 1212 2009 redemit
1229 1979 1267 2008 et
1287 1969 1440 2020 recepit
1468 1969 1581 2006 inco-

90 2039 236 2078 lumes.

149 2116 242 2155 Fuit
268 2126 400 2155 autem
434 2131 456 2155 a
484 2117 661 2169 pueritia
690 2117 834 2154 doctus
866 2115 1010 2160 literis,
1034 2121 1072 2151 et
1103 2112 1218 2150 valde
1247 2111 1417 2149 habebat
1447 2110 1580 2147 scien-

94 2182 190 2220 tiam
215 2183 525 2235 scripturarum.
568 2183 785 2221 Librorum
820 2181 934 2219 etiam
971 2179 1126 2231 copiam
1160 2179 1199 2215 in
1229 2177 1377 2228 palatio
1406 2190 1478 2213 suo
1515 2189 1581 2213 re-

94 2247 280 2294 tinebat;
320 2256 358 2286 et
386 2248 420 2286 si
455 2248 557 2285 forte
586 2261 606 2284 a
633 2246 862 2298 frequentia
883 2257 1092 2283 causarum
1131 2251 1168 2279 et
1204 2241 1373 2279 tumultu
1405 2247 1579 2285 vacaret,

92 2325 169 2364 per
185 2313 452 2365 semetipsum
471 2312 715 2351 lectionibus
734 2312 914 2349 intentus
937 2318 1034 2347 erat.
1057 2307 1331 2359 Longioribus
1358 2305 1472 2342 etiam
1497 2304 1582 2341 hie-

93 2378 170 2416 mis
191 2379 382 2417 noctibus
406 2379 552 2417 crebro
569 2392 639 2416 sex
660 2377 904 2415 lectionibus
936 2375 1171 2425 occupabat,
1202 2373 1329 2409 donec
1350 2371 1582 2408 vinceretur

92 2456 114 2480 a
136 2457 295 2482 somno.
323 2443 506 2482 Imitator
533 2451 618 2482 erat
637 2444 678 2480 in
709 2442 796 2490 hae,
829 2442 931 2479 sieut
949 2441 989 2477 iu
1016 2439 1149 2476 multis
1173 2436 1421 2481 aliisvausis,
1447 2435 1580 2471 Caroli

93 2507 234 2560 Magni
255 2510 535 2561 imperatoris,
557 2518 595 2547 et
615 2509 686 2546 filii
709 2506 795 2559 ejus
817 2505 1011 2545 Ludovici
1046 2502 1319 2555 imperatoris,
1344 2501 1581 2551 quip‹··1·se-

95 2575 295 2626 metipsos
319 2576 563 2614 lectionibus
585 2575 870 2626 pascebantur.
906 2570 1149 2609 Octavianus
1173 2580 1333 2619 quoque
1355 2565 1580 2615 Augustus,

95 2639 191 2678 licet
205 2654 407 2693 paganus,
428 2654 509 2679 non
524 2640 655 2677 solum
671 2640 906 2690 frequenter
934 2637 1091 2687 legebat
1110 2634 1235 2671 libros
1265 2640 1396 2683 aptos,
1418 2630 1587 2679 insuper

95 2707 282 2758 propriis
305 2707 446 2759 digitis
470 2707 674 2744 scribebat
695 2713 810 2757 gesta
842 2712 880 2741 et
908 2701 1063 2755 proelia
1086 2713 1156 2737 sua
1178 2708 1215 2736 et
1237 2698 1420 2735 aliorum.
1454 2695 1587 2732 Tim,-

97 2772 239 2810 dosius
262 2773 380 2811 etiam
400 2773 493 2824 pius
516 2772 737 2823 imperator
755 2767 1119 2807 christianissimus
1142 2778 1221 2802 non
1244 2762 1372 2800 solum
1394 2760 1581 2809 legs-ndo,

93 2837 165 2874 sed
182 2837 301 2875 etiam
320 2837 538 2876 scribendo
557 2836 770 2873 exercebat
785 2846 889 2872 sese.

1400 2941 1435 2970 l'n
