1908 3256
474 533 743 592 LIBER
831 533 1215 594 TERTIUS

683 803 962 842 CAPITULA
987 805 994 825 ¹

94 1037 122 1074 1.
147 1059 198 1065 —
214 1037 332 1085 Quod
368 1045 462 1088 post
507 1046 676 1075 mortem
716 1038 851 1075 domni
894 1037 1030 1075 Karoli
1070 1039 1175 1076 filius
1217 1038 1302 1089 ejus
1344 1039 1575 1077 Ludovivus

145 1116 316 1154 regnum
339 1103 537 1154 suscepit.

94 1168 147 1206 11.
167 1191 218 1196 —
242 1168 361 1216 Quod
384 1168 566 1206 Saxones
590 1177 628 1207 et
651 1169 796 1207 Franci
820 1178 1155 1221 expugnaverunt
1178 1170 1371 1207 sorabos.

93 1233 166 1271 ΙΙΙ.
187 1256 238 1262 —
256 1234 316 1272 De
342 1234 500 1272 defectu
525 1235 618 1272 lune
643 1243 681 1272 et
702 1236 815 1272 obitu
836 1235 1031 1286 Stephani
1054 1250 1173 1287 pape.

93 1299 160 1337 IV.
183 1322 234 1327 ——
253 1300 314 1337 De
336 1298 614 1351 conjuratione
638 1302 739 1338 facta
758 1309 898 1338 contra
914 1301 1200 1352 imperatorem
1223 1315 1244 1338 a
1266 1310 1413 1352 nepote
1439 1315 1527 1339 suo.

91 1364 137 1402 V.
169 1388 220 1393 —
254 1364 314 1402 De
340 1365 459 1402 exilio
492 1365 667 1403 Salomir
697 1366 807 1417 regis
874 1366 1085 1414 Quomodo
1099 1366 1581 1411 Salomir,Abodritorum

144 1423 437 1462 Abodritorum
487 1434 524 1463 et
582 1426 806 1463 rebellione
926 1427 1221 1473 rex,adductus
1239 1436 1352 1464 estet
1371 1435 1526 1478 captus.

144 1484 391 1535 Liodegiuti.

90 1548 158 1587 VI.
182 1572 234 1577 —
257 1550 375 1598 Quod
398 1550 600 1588 exercitus
629 1551 808 1602 impera-
873 1546 990 1596 Quod
1007 1544 1321 1597 Pipinus‚jussu
1339 1545 1481 1596 patris,
1496 1558 1582 1581 cum

143 1609 244 1646 toris
266 1609 476 1660 regionem
501 1609 703 1648 Liudeviti
718 1624 807 1648 vas-

143 1676 345 1714 taverunt,
371 1677 409 1706 et
439 1669 488 1706 de
511 1669 747 1720 pestilentia
771 1678 808 1707 et

144 1728 344 1780 paucitate
382 1729 542 1780 frugum
572 1737 609 1766 et
649 1730 807 1767 defectu

144 1787 253 1825 lune.

89 1852 253 1890 V11.—
274 1852 336 1890 De
364 1861 492 1891 morte
521 1853 657 1891 Borne
692 1854 806 1891 ducis

143 1921 181 1951 et
202 1913 251 1950 de
272 1920 400 1949 morte
423 1911 572 1950 Leonis
589 1912 808 1964 imperato-

142 1973 199 2010 ris
219 1981 257 2010 et
284 1972 440 2009 nuntiis
470 1971 650 2009 Lotharii
681 1981 720 2010 et
749 1972 807 2010 le-

143 2032 248 2085 gatis
264 2032 460 2069 Romanis
485 2039 522 2069 et
541 2040 669 2069 morte
690 2031 807 2070 Salo-

141 2093 219 2130 mir
241 2100 280 2130 et
309 2091 580 2144 frigidissima
602 2090 749 2129 hieme.

88 2151 197 2190 VIII.
233 2173 284 2179 —
312 2151 373 2188 De
409 2164 508 2202 pace
545 2151 805 2202 imperatoris

141 2225 231 2249 cum
264 2211 458 2249 fratribus
500 2210 586 2247 suis
625 2219 663 2248 et
696 2211 806 2261 quod

143 2271 363 2308 exercitum
385 2270 425 2306 in
450 2269 701 2307 Pannoniam
731 2271 806 2307 mi-

141 2330 194 2368 sit
214 2338 253 2368 et
283 2330 520 2381 Philippum
561 2329 602 2366 in
632 2328 806 2380 Aquita-

140 2389 261 2426 niam.

926 1606 1103 1643 exercitu
1145 1605 1307 1642 intravit
1350 1604 1389 1641 in
1429 1603 1582 1641 Vasco-

925 1666 1044 1703 niam.

873 1857 990 1904 Quod
1021 1855 1171 1899 Borna,
1206 1855 1285 1892 dux
1312 1853 1508 1891 Dalmatie
1547 1861 1584 1889 et

927 1916 1136 1962 Liburine‚
1161 1915 1376 1952 defunctus
1399 1921 1472 1950 est.

870 2149 930 2187 De
968 2147 1121 2198 cespite
1156 2146 1278 2195 longo
1316 2144 1345 2181 L
1391 2144 1578 2194 pedibus,

923 2209 1109 2258 latusque
1126 2204 1256 2243 XIIII.

88 2445 157 2485 IX·
181 2471 232 2476 —
250 2448 311 2486 De
339 2455 539 2487 conventu
565 2447 803 2499 optimatum
869 2440 986 2489 Quod
1027 2438 1261 2489 imperator,
1295 2447 1431 2471 mense
1459 2433 1577 2475 maio,

140 2507 354 2546 multarum
383 2506 688 2559 provinciarum
712 2520 801 2544 cum

141 2567 386 2619 imperatore
406 2575 445 2604 et
474 2567 523 2604 de
557 2566 801 2618 purgatione

141 2627 324 2665 Pascalis
346 2639 466 2679 pape.

920 2506 1161 2537 conventum
1181 2508 1296 2533 suum
1326 2494 1365 2530 in
1398 2492 1575 2530 Franvo-

919 2559 1056 2596 nofurt
1075 2556 1216 2595 tenuit.

126 2734 155 2764 1.
179 2734 239 2764 Cet
257 2733 361 2764 index
379 2735 475 2763 etant
495 2731 655 2762 different
676 2732 798 2772 depuis
812 2732 843 2762 le
858 2740 1000 2772 paragr.
1026 2739 1044 2757 v
1066 2729 1152 2757 dans
1168 2726 1217 2757 les
1239 2723 1448 2755 manuscrits
1471 2722 1507 2761 Ε,
1532 2720 1566 2757 F,

84 2779 118 2806 et
138 2775 179 2810 G,
201 2786 288 2805 nous
309 2774 517 2815 imprimons
537 2774 587 2805 les
609 2773 697 2803 deux
716 2774 832 2813 legens
854 2771 1129 2813 parallelement.

126 2816 172 2847 La
205 2816 349 2847 colonne
375 2817 416 2846 de
451 2815 584 2856 gauche
609 2817 809 2855 represente
834 2815 884 2844 les
911 2814 1026 2851 legons
1054 2812 1113 2841 des
1147 2820 1229 2838 mss.
1255 2808 1290 2842 E,
1313 2808 1355 2842 G,
1379 2810 1412 2835 et
1434 2805 1517 2834 velle
1534 2804 1574 2833 de

84 2858 195 2888 droite
214 2858 248 2888 Ia
267 2858 364 2896 legon
385 2858 431 2887 du
446 2869 509 2888 ms.
536 2857 570 2888 F.
