1908 3256
288 318 361 355 116
804 332 989 357 Aonium
1023 331 1262 358 cnnomcoN

285 435 403 471 num,
447 421 521 479 qui
544 437 565 463 a
586 420 895 463 transmarinis
934 420 1023 463 oris
1058 438 1080 463 a
1108 421 1271 464 domno
1303 422 1572 480 imperatore
1613 423 1777 464 Karolo

284 501 513 549 susceptus
525 502 606 545 est,
626 502 683 545 et,
704 492 903 550 pontifex
918 492 962 534 in
978 492 1165 535 Francia
1188 492 1342 545 factus,
1361 494 1596 535 Alcuinum
1609 493 1778 546 docuit,

282 571 323 604 et
361 563 575 606 Alcuinus
600 564 893 624 Smaragdum
934 564 1110 616 imbuit,
1146 565 1417 626 Smaragdus
1449 574 1593 607 autem
1628 564 1781 607 doc-uit

281 634 591 687 Theodulsum‚
647 635 1013 678 Aurelianensem
1048 635 1324 694 episcopum,
1355 636 1628 679 Theodulsus
1672 653 1775 678 vero

281 706 450 748 Ileliam
508 707 808 768 Scotigenam,
871 707 1259 767 Engolismensem
1310 708 1586 766 episcopum,
1631 708 1779 750 Helias

280 787 425 819 autem
448 779 690 831 Heiricum,
718 778 923 821 Heiricus
945 778 1199 839 Remigium
1222 789 1264 822 et
1279 779 1556 822 Ucbaldumm
1579 779 1779 843 Calvum,

282 850 548 901 monachos,
565 851 752 892 heredes
775 850 1059 907 philosophie
1082 851 1279 909 reliquit.
1300 855 1309 878 ⁴
1335 851 1572 890 Conventus
1589 860 1783 903 preterea

281 923 329 958 ab
352 921 596 972 imperatore
636 923 743 974 apud
767 922 1017 974 Ingeleneim
1033 927 1048 943 ¹¹
1088 923 1281 974 palatium
1304 922 1482 968 habitus,
1518 931 1557 961 et
1577 923 1780 961 exercitus

280 988 329 1024 de
353 987 464 1024 Italia
482 988 522 1025 in
545 988 799 1025 Pannoniam
816 988 968 1025 missus
986 996 1047 1025 est
1061 997 1233 1040 propter
1249 988 1478 1026 Laudewiti
1495 988 1778 1036 rebellionem,

281 1053 352 1090 sed
376 1066 456 1090 non
490 1067 690 1105 prospere
711 1063 841 1091 actum
884 1062 958 1091 est.
1003 1053 1053 1091 Et
1081 1053 1378 1100 Laudewitus0,
1404 1054 1597 1105 superbia
1633 1054 1777 1101 elatus,

279 1118 435 1169 legatos
470 1120 518 1156 ad
541 1119 828 1170 imperatorem
849 1119 974 1164 misit,
1001 1120 1117 1170 quasi
1138 1129 1311 1171 propter
1331 1133 1473 1171 pacem
1490 1133 1579 1157 cum
1602 1120 1776 1171 quibus-

279 1184 368 1221 dam
392 1185 712 1223 conditionibus.
737 1185 847 1234 Quas
871 1199 960 1223 cum
977 1185 1199 1236 imperator
1219 1200 1301 1223 non
1314 1185 1518 1237 reciperet
1540 1185 1721 1237 aliasque
1744 1187 1779 1224 ei

278 1262 353 1300 per
373 1249 529 1302 legatos
550 1251 774 1297 mandaret,
799 1250 881 1296 ille,
907 1264 1075 1289 manens
1097 1251 1138 1288 in
1160 1251 1347 1302 perfidia,
1377 1251 1534 1289 vicinas
1557 1252 1606 1288 ad
1627 1251 1778 1289 bellum

277 1323 420 1366 gentes
443 1317 691 1355 sollicitavit.
718 1316 971 1354 Timotianos
995 1330 1158 1368 quoque
1180 1318 1228 1354 ab
1250 1317 1514 1368 imperatore,
1538 1317 1779 1367 persuasio-

277 1380 398 1418 nibus
422 1382 722 1429 falsis‚avertit.
742 1381 875 1420 Porro
892 1383 941 1420 de
958 1382 1171 1420 Pannonia
1186 1395 1354 1420 reverso
1373 1382 1569 1427 exercitu,
1584 1382 1776 1430 Cadolac,

279 1446 360 1484 dux
383 1446 698 1499 Forojuliensis‚
724 1449 837 1486 febre
859 1456 1091 1500 correptus,
1116 1447 1156 1485 in
1177 1448 1268 1499 ipsa
1290 1447 1468 1486 marchia
1490 1448 1683 1486 decessit.
1703 1449 1780 1487 Cui

279 1524 368 1549 cum
391 1512 606 1552 Baldricus
632 1522 744 1552 esset
764 1515 1027 1566 subrogatus,
1052 1522 1091 1551 et
1107 1513 1147 1551 in
1167 1513 1546 1552 Ca1·entann0rum1¹
1567 1514 1778 1566 regionem

280 1577 424 1617 suisset
443 1579 677 1632 ingressus,
701 1580 865 1618 obvium
888 1579 1028 1617 habuit
1043 1579 1247 1618 Ludewiti
1262 1580 1501 1617 exercitum.
1521 1579 1649 1627 Quem
1665 1578 1781 1631 juxta

277 1642 458 1685 Dravum
480 1646 646 1684 fluvium
680 1659 806 1698 parva
845 1659 964 1683 manu
985 1646 1226 1697 adgressus,
1251 1645 1440 1696 pluribus
1462 1645 1705 1692 interfectis,
1729 1646 1778 1684 de

276 1714 345 1751 illa
371 1711 583 1765 provincia
603 1711 773 1764 fugavit.
805 1711 943 1749 Borna
975 1725 1090 1757 vero,
1124 1712 1205 1749 dux
1245 1710 1459 1757 Dalmatie,
1496 1724 1584 1748 cum
1619 1711 1778 1764 magnis

278 1779 407 1831 copiis
427 1779 477 1816 ad
500 1777 714 1828 Colapium
735 1777 901 1815 fluvium
924 1776 1156 1814 Liudewito
1179 1776 1372 1824 occurrit,
1397 1785 1436 1814 et
1456 1776 1496 1814 in
1520 1776 1654 1828 prima
1678 1790 1778 1816 con-

274 1845 491 1897 gressione
512 1843 721 1882 deseritur
741 1856 763 1880 a
784 1842 1059 1889 Goduseanis‚
1083 1842 1234 1880 auxilio
1256 1850 1391 1880 tamen
1422 1855 1590 1879 suorum
1610 1850 1778 1893 praeto-

276 1911 485 1949 rianorum
517 1909 659 1948 evasit.
703 1908 833 1946 Periit
871 1908 927 1946 ibi
969 1908 1256 1960 Dragonosus,
1290 1920 1409 1945 socer
1429 1907 1667 1953 Liudewiti‚
1692 1908 1776 1959 qui,

275 1976 419 2015 relicto
431 1988 600 2028 genero,
622 1974 759 2012 Borne
773 1987 815 2011 se
833 1972 1112 2025 conjunxerat.
1148 1973 1383 2011 Goduscani
1400 1973 1564 2010 domum
1575 1973 1774 2025 regressi,

274 2041 420 2079 iterum
436 2054 458 2078 a
475 2040 613 2078 Borna
631 2039 881 2090 subiguntur
902 2044 932 2083 q,
957 2046 996 2075 et
1018 2037 1304 2076 Liudewintus
1338 2037 1596 2075 occasionem
1616 2046 1774 2084 nactuS,

276 2120 366 2145 cum
404 2106 540 2145 valida
582 2118 698 2142 manu
736 2103 978 2142 Dalmatiam
1019 2103 1252 2155 ingressus,
1292 2104 1401 2141 ferro
1442 2111 1480 2141 et
1513 2102 1598 2155 igni
1631 2111 1776 2142 cuncta

276 2173 471 2211 devastat.
498 2171 573 2210 Cui
593 2184 682 2208 cum
704 2169 844 2208 Borna
865 2183 907 2207 se
929 2169 1094 2221 penitus
1111 2169 1330 2220 imparemr
1346 2169 1621 2220 conspiceret,
1639 2168 1775 2206 omnia

277 2238 362 2276 suis
385 2237 563 2276 castellis
585 2236 752 2274 inclusit
779 2244 817 2273 et
839 2249 929 2273 cum
959 2235 1086 2273 electa
1107 2248 1244 2280 manu,
1279 2248 1387 2272 nune
1415 2248 1437 2272 a
1456 2242 1589 2286 tergo,
1613 2247 1720 2272 nunc
1753 2248 1775 2272 a

274 2304 398 2343 latere
425 2305 639 2349 insistens,
666 2302 887 2340 Liudewiti
910 2301 1049 2353 copias
1083 2309 1205 2338 noctu
1226 2309 1264 2338 et
1285 2300 1466 2338 interdiu
1492 2300 1711 2347 lacerabat,
1737 2308 1776 2338 et

272 2371 321 2408 ad
339 2379 563 2408 extremum
579 2368 694 2422 gravi
716 2369 893 2419 dampno
915 2367 1103 2405 affectum
1126 2366 1296 2418 regione
1333 2380 1405 2404 sua
1426 2365 1536 2417 cogit
1557 2365 1771 2412 excedere,

271 2437 404 2475 tribus
426 2436 606 2473 millibus
628 2435 677 2473 de
706 2433 887 2472 exercitu
922 2431 1009 2484 ejus
1047 2432 1290 2479 interfectis,
1321 2445 1366 2469 ac
1398 2430 1594 2469 trecentis
1617 2438 1655 2468 et
1677 2430 1772 2482 plus

311 2562 358 2597 ml,
383 2561 579 2591 Hucaldum
614 2559 650 2595 F,
687 2559 728 2590 G.
754 2576 792 2581 —
819 2558 854 2597 n)
879 2556 1082 2598 Ingehalem
1102 2556 1141 2595 F,
1165 2556 1206 2588 G.
1228 2572 1266 2579 -
1302 2555 1334 2594 ο)
1358 2555 1577 2586 Leudewitus
1605 2554 1643 2591 F,
1669 2554 1707 2586 G.
1734 2571 1772 2577 —

270 2605 306 2645 p)
328 2604 632 2635 Carantannorum
648 2602 688 2634 D.
708 2617 749 2624 -
768 2603 800 2642 q)
817 2600 1043 2641 subjungitur
1062 2599 1098 2630 D.
1113 2616 1149 2622 —-
1166 2600 1197 2639 r)
1217 2598 1252 2628 in
1274 2608 1396 2639 parem
1411 2598 1448 2633 A,
1465 2597 1504 2633 D,
1523 2597 1566 2628 E.
1765 2623 1767 2626 .

277 2696 1760 2711 *μ*

316 2772 343 2801 1.
368 2772 396 2801 11
418 2771 508 2802 suffit
534 2771 575 2801 de
607 2780 811 2810 remarquer
835 2767 1018 2809 qu’Alcuin
1039 2768 1141 2798 vecut
1161 2766 1202 2796 de
1233 2767 1291 2796 735
1319 2766 1339 2795 a
1373 2765 1433 2795 804
1460 2768 1492 2795 et
1519 2763 1639 2795 Raban
1670 2763 1772 2794 Maur

273 2812 313 2842 de
335 2814 394 2843 776
409 2815 428 2843 a
442 2814 502 2843 856
523 2823 612 2853 pour
633 2823 668 2842 se
682 2811 806 2842 rendre
827 2814 964 2851 compte
984 2820 1050 2850 que
1065 2820 1102 2840 ce
1123 2818 1277 2849 passage
1297 2807 1484 2853 d’Ademar
1504 2817 1564 2836 sur
1595 2806 1630 2836 la
1664 2805 1770 2836 chro-

272 2855 409 2895 nologie
430 2855 489 2885 des
511 2858 655 2886 savants
675 2853 909 2893 carolingiens
932 2862 1081 2892 manque
1104 2850 1326 2901 absolument
1341 2848 1584 2879 d'exacutude.
