1908 3256
323 271 371 307 50
839 279 1025 305 animani
1059 279 1301 305 ennoxicox

320 372 389 414 nis
430 381 472 413 et
500 370 718 413 Grimaldi
756 379 799 412 et
830 370 977 411 Caroli
1017 368 1229 421 Martem,
1275 378 1490 421 correptus
1529 370 1640 407 febre
1670 369 1818 416 valida,

321 453 503 482 mortuus
523 452 598 489 est,
623 443 882 494 optinuitque
921 442 1197 493 principatum
1221 443 1295 479 sub
1317 442 1612 493 suprascriptis
1650 441 1819 493 regibus

320 510 436 548 annis
470 522 585 547 xxvu
626 517 664 547 et
699 509 883 546 dimidio.
917 508 1151 545 Plectrudis
1181 521 1345 558 quoque
1369 521 1458 545 cuni
1480 507 1700 558 nepotibus
1734 507 1819 545 suis

318 575 382 612 vel
400 588 496 626 rege
520 583 663 612 cuncta
679 575 934 625 gubernabat
954 575 1029 611 sub
1046 573 1247 624 regimine
1273 573 1467 611 discreto.
1494 573 1549 613 Et
1583 581 1818 629 postquam

320 649 518 682 mortuus
541 649 607 681 cst
629 639 910 697 supradictus
933 639 1120 696 l'ipinus
1139 638 1310 680 vetulus
1332 638 1400 679 vel
1435 637 1598 689 brevis,
1624 637 1699 695 qui
1739 637 1821 679 suit

319 728 506 770 proavus
517 711 668 753 donini
685 711 835 752 Karoli
852 710 1134 768 imperatoris
1152 710 1316 770 magni,
1345 710 1541 748 Franciin
1559 709 1739 748 Francos
1754 709 1820 747 in-

319 783 446 821 vicem
469 783 631 821 irruunt
650 783 690 820 in
712 783 836 820 Cosia
854 783 970 828 silva,
995 791 1032 820 et
1061 796 1151 820 sese
1174 791 1312 819 mutuo
1337 781 1559 819 durissima
1579 782 1677 819 cede
1695 793 1819 832 pros-

319 856 496 893 ternunt,
520 849 674 899 fuitque
690 862 737 886 eo
756 857 940 899 tempore
957 847 1347 899 validapersecutio.
1370 846 1656 885 Theodoaldus
1670 854 1817 892 autem,

319 927 393 964 per
415 915 548 965 sugam
569 914 724 964 lapsam,
750 923 915 964 ereptus
936 922 1011 958 est,
1035 922 1072 950 et
1094 913 1400 964 Ragensredum
1419 912 1460 949 in
1479 911 1711 963 principatu
1734 925 1818 949 ma-

316 978 449 1030 jorem
469 980 606 1031 palatii
630 980 857 1030 elegerunt.
884 980 978 1027 Qui,
1003 987 1203 1016 commoto
1227 979 1423 1024 exercitu,
1448 992 1537 1015 cum
1557 991 1654 1030 rege
1671 991 1818 1030 supra-

318 1045 427 1082 dicto
449 1059 578 1096 puero
620 1045 860 1096 Dagoberto
897 1045 1189 1082 Carbonariam
1227 1045 1369 1082 silvan]
1392 1053 1669 1090 transeuntes,
1687 1057 1818 1095 usque

318 1109 476 1147 Mosam
514 1111 678 1147 fluvium
702 1120 832 1148 terras
855 1111 944 1147 illas
962 1119 1224 1148 vastaverunt
1255 1119 1293 1148 et
1328 1111 1643 1155 succenderunt,
1665 1118 1703 1147 et
1727 1123 1817 1147 cum

319 1177 518 1214 Radbodo
547 1178 647 1214 (luce
686 1177 830 1228 gentili
870 1177 1067 1214 amicitias
1103 1178 1266 1215 feriunt.
1298 1177 1410 1214 Tune
1444 1176 1691 1222 Plectrudis‚
1715 1189 1818 1214 uxor

319 1242 455 1294 Pipini
482 1243 622 1288 vetuli,
654 1243 760 1294 cepit
781 1256 855 1294 per
873 1243 1083 1295 ingenium
1112 1243 1306 1280 Karolum
1329 1243 1577 1289 Martellum,
1597 1242 1722 1280 filium
1745 1242 1817 1280 Pi-

316 1309 402 1359 pini
420 1309 645 1360 supradicti
664 1310 713 1346 de
733 1309 810 1346 alia
822 1322 948 1346 uxore
964 1309 1176 1360 Calpiade,
1193 1309 1278 1361 qui,
1295 1310 1391 1347 dum
1407 1310 1483 1347 sub
1500 1309 1686 1347 custodia
1701 1317 1816 1346 tene-

316 1382 444 1420 retur,
462 1374 681 1411 auxiliante
708 1374 828 1420 Deo⁰‚
845 1374 913 1411 vix
938 1373 1100 1412 evasitd.

369 1448 433 1484 50.
455 1469 505 1474 ——
534 1445 756 1497 Sequentie
794 1454 977 1497 tempore
1011 1446 1274 1498 Dagobertus
1307 1459 1380 1484 rex
1416 1455 1608 1498 egrotans
1631 1455 1815 1484 mortuus

317 1520 392 1557 est,
420 1512 688 1564 regnavitque
706 1512 823 1549 annis
854 1525 892 1549 v.
920 1512 1066 1550 Franci
1086 1526 1185 1550 vero
1214 1512 1427 1550 Danielem
1459 1513 1664 1564 quondam
1694 1513 1816 1550 cleri-

315 1591 420 1623 cum,
439 1579 592 1615 cesarie
609 1578 753 1629 capitis
770 1587 996 1624 crescente,
1010 1578 1049 1615 in
1066 1592 1205 1630 regem
1224 1578 1397 1624 elevant,
1412 1587 1449 1616 et
1466 1587 1616 1617 mutato
1633 1578 1812 1625 nomine,

315 1642 594 1694 Chilpericum
615 1652 776 1681 vocant.
816 1644 929 1681 Tunc
961 1644 1184 1681 exercituin
1222 1652 1400 1690 movent,
1433 1652 1470 1681 et
1491 1658 1622 1695 usque
1655 1644 1814 1682 Mosam

313 1708 479 1746 fluvium
497 1718 639 1747 contra
660 1709 855 1747 Karolum
879 1708 1113 1747 Martellum
1137 1709 1335 1761 dirigunt,
1362 1718 1399 1747 et
1418 1723 1466 1747 ex
1485 1710 1561 1747 alia
1579 1718 1693 1761 parte
1713 1710 1814 1747 Fre-

314 1788 436 1813 sones
471 1789 559 1812 cum
593 1775 781 1813 Ratbodo
820 1777 920 1813 duce
956 1784 1225 1827 consurgunt.
1263 1775 1439 1813 Karolus
1459 1776 1673 1814 Martellus
1691 1789 1815 1827 super

312 1838 425 1890 ipsos
442 1839 577 1886 irruit,
597 1848 634 1877 et
653 1840 869 1877 maximum
884 1840 1146 1891 dispendium
1168 1841 1216 1878 de
1239 1840 1450 1878 sodalibus
1468 1841 1553 1877 suis
1569 1853 1810 1891 perpessus,

309 1918 385 1956 per
400 1906 534 1956 sugam
551 1906 690 1957 lapsus
713 1906 905 1943 abcessit.
933 1906 1186 1944 Succedente
1214 1915 1414 1958 tempore,
1440 1905 1700 1957 Chilpericus
1723 1919 1812 1944 cum
1842 1930 1845 1931 ν

310 1969 571 2021 Ragenfredo
603 1971 719 2009 hoste
756 1980 973 2018 commoto,
998 1971 1235 2010 Ardennani
1268 1972 1411 2010 silvam
1445 1972 1662 2024 ingressus
1682 1986 1811 2024 usque

310 2034 493 2073 Hrenum
526 2036 691 2074 fluvium
724 2037 788 2074 vel
812 2036 1025 2075 Coloniam
1051 2038 1251 2075 civitaten]
1274 2046 1568 2089 pervenerunt,
1603 2046 1811 2075 vastantes

309 2108 475 2148 terram,
505 2110 543 2139 et
583 2102 778 2140 thesauro
814 2103 940 2140 multo
969 2116 991 2140 a
1022 2102 1256 2151 plectrude,
1275 2117 1401 2142 uxore
1425 2104 1563 2155 Pipini
1586 2103 1764 2141 defuncti
1780 2108 1808 2149 Ε,

308 2165 502 2217 acceptos,
523 2180 716 2205 reversus
746 2175 821 2205 est.
843 2167 1020 2205 Karolus
1044 2167 1256 2205 Martellus
1277 2181 1402 2220 super
1418 2181 1487 2206 eos
1511 2168 1630 2206 irruit
1657 2168 1698 2205 in
1720 2168 1810 2205 loco

308 2231 376 2281 qui
390 2232 563 2270 diciturg
577 2231 788 2279 Amblava,
806 2241 844 2270 et
862 2233 1074 2271 maximam
1091 2242 1247 2285 partem
1264 2235 1312 2272 de
1332 2235 1512 2272 exercitu
1529 2247 1669 2272 eorum
1687 2246 1810 2285 pros-

307 2304 442 2334 travit.

361 2378 422 2414 51.
447 2399 498 2404 —
522 2376 580 2414 Eo
601 2385 785 2428 tempore
798 2377 1010 2428 predictus
1029 2377 1220 2424 Karolus,
1239 2378 1419 2416 exercitu
1433 2386 1652 2423 commoto,
1667 2385 1808 2415 contra

307 2438 583 2492 Chilpericum
606 2451 645 2480 et
666 2442 970 2493 Ragensredum
993 2444 1222 2495 consurgit.
1248 2444 1402 2483 Contra
1424 2457 1544 2496 quem
1565 2443 1623 2481 illi
1645 2443 1805 2481 hostem

346 2584 376 2624 c)
391 2585 548 2620 Domino,
565 2585 602 2623 F,
620 2585 659 2616 G.
682 2602 722 2609 -
744 2586 776 2625 d)
795 2586 1007 2627 Cepassage,
1031 2587 1150 2627 depuis
1172 2588 1267 2618 Tunc
1290 2587 1496 2623 plectrudis,
1521 2589 1571 2618 cst
1590 2586 1723 2629 signale
1741 2596 1808 2628 par

311 2627 417 2656 Waitz
450 2638 574 2656 comme
602 2627 753 2668 original
783 2627 832 2667 (p.
858 2628 940 2668 1⁴14).
956 2628 986 2657 Il
1009 2639 1044 2657 se
1058 2632 1173 2659 trouve
1188 2632 1365 2670 pourtant,
1385 2640 1464 2659 avec
1485 2640 1550 2659 une
1563 2629 1682 2670 simple
1700 2628 1810 2670 diffe-

305 2678 401 2697 retice
415 2668 456 2697 (Ie
469 2669 576 2709 forme
597 2672 628 2698 et
649 2669 682 2698 la
697 2669 844 2698 mention
866 2681 905 2699 en
921 2670 1029 2699 moins
1049 2670 1129 2700 d'un
1145 2682 1220 2700 nom
1231 2682 1368 2712 propre,
1385 2671 1473 2701 dans
1489 2671 1536 2701 les
1553 2673 1654 2702 Gesta
1678 2681 1803 2712 regum.

305 2711 354 2738 En.
377 2709 463 2739 νοίσί
489 2709 535 2739 les
555 2712 697 2740 termes:
719 2710 842 2740 Carlus
858 2710 913 2740 his
935 2711 1057 2741 diebus
1079 2723 1158 2742 cum
1179 2717 1304 2753 captus
1327 2723 1346 2743 a
1368 2713 1561 2749 plectrude,
1585 2712 1713 2742 semina
1741 2711 1806 2742 sub

305 2751 462 2780 custodia
487 2755 672 2787 teneretur,
697 2752 886 2781 auxiliante
910 2752 1066 2786 Domino.
1091 2753 1147 2784 vix
1168 2754 1291 2785 evasit.
1306 2772 1345 2777 -——
1360 2756 1389 2792 e)
1407 2753 1639 2794 Subsequenti
1655 2754 1690 2789 1⁴¹,
1712 2753 1753 2785 G.
1767 2770 1805 2776 —

306 2794 327 2831 ss
352 2797 493 2832 accepto
513 2794 606 2821 ‹leest
627 2795 664 2827 A,
688 2794 726 2826 D,
744 2795 779 2822 ij.
803 2812 841 2815 —
858 2796 893 2834 g)
908 2794 966 2834 qui
981 2795 1109 2824 dicitur
1128 2796 1222 2825 deest
1243 2797 1281 2830 D,
1305 2796 1342 2829 E,
1363 2797 1396 2830 l¹'‚
1420 2795 1458 2827 G.
