1908 3256
34 790 85 817 973
99 797 138 817 ou
153 790 206 818 074

94 1368 146 1395 003

19 1809 81 1837 υδῦ,
97 1809 114 1834 2
131 1815 216 1834 mars

87 1951 138 1977 987

275 245 347 281 150
793 259 979 284 Αυι-ῑΜΑιιι
1013 259 1253 285 CHROMCON

270 347 400 389 cessit
444 357 486 389 et
522 348 794 390 Richardum
837 349 1126 406 Insipientem
1168 352 1352 408 expulit.
1407 354 1636 412 Captoque
1654 363 1667 379 ‘¹
1720 355 1764 396 in

269 420 477 463 conflictu
507 424 774 472 Gauzberto,
802 422 935 464 fratre
959 422 1080 463 Eliae
1104 423 1295 473 comitis,
1319 441 1471 466 suasus
1495 435 1562 466 est
1595 443 1617 467 a
1655 425 1768 469 Wil-

269 492 400 534 lclmo
423 494 549 540 duce,
576 511 662 551 quo
688 495 924 551 praeberet
946 493 1175 535 inimicum
1202 495 1302 537 sibi.
1329 497 1383 537 Et
1405 496 1596 538 Pictavis
1617 506 1767 538 trusus

270 566 562 617 Gauzbertus,
589 566 633 607 in
652 565 867 607 ultionem
885 565 1118 607 Benedicti
1135 567 1433 625 corepiscopi,
1453 568 1592 609 oculis
1616 567 1765 625 damp—

269 646 396 679 natus
412 646 492 678 est.

328 709 398 752 ⁶29.
422 734 479 740 —
501 708 577 750 His
592 709 871 766 temporibus
892 708 1170 765 Aymericus,
1208 727 1295 752 non
1332 712 1590 763 monachus,
1634 713 1769 753 abbas

274 780 424 822 Sancti
455 780 694 832 Marcialis,
726 797 957 822 successor
986 781 1253 833 Gonsindi',
1275 783 1477 834 moritur,
1521 792 1564 824 et
1600 782 1645 824 in
1683 782 1770 824 fine

272 852 512 895 monachus
535 852 696 902 extitit,
728 852 831 909 quia
856 868 932 893 rex
956 852 1219 905 Ludovicus,
1262 854 1424 896 timens
1445 855 1539 912 ejus
1580 855 1770 896 tiranni-

271 926 386 978 dem,
418 927 634 967 honorem
668 924 819 967 Sancti
847 925 1065 966 Martialis
1101 925 1140 967 ei
1169 927 1468 978 commiserat,
1495 935 1771 968 sacramento

269 1009 415 1041 tamen
437 1000 586 1056 jurare
613 998 718 1039 fecit
738 1007 785 1039 ut
809 1014 1017 1039 monacus
1041 1007 1157 1039 essct
1191 998 1380 1040 futurus.
1417 998 1497 1040 Hic
1531 998 1770 1040 Geraldum

269 1069 574 1112 vicecomitem
623 1069 667 1110 in
711 1068 914 1110 manibus
956 1069 1046 1110 suis
1086 1069 1242 1111 habuit
1282 1069 1638 1111 commendatum
1654 1078 1685 1120 ¹,
1729 1078 1772 1110 et

271 1144 491 1183 Bosonem
520 1141 727 1184 Vetulum
757 1141 809 1182 de
832 1142 980 1182 Marca
995 1145 1043 1182 ΞΥ.
1070 1141 1149 1182 Hic
1168 1142 1292 1198 juxta
1315 1140 1648 1183 Cambonense³
1684 1157 1771 1182 mo-

271 1214 513 1255 nasterium
536 1213 755 1255 destruxit
776 1213 1006 1255 castellum
1025 1213 1066 1254 vi
1088 1223 1387 1274 expugnatum
1418 1214 1769 1264 Canboncasem,

273 1302 324 1328 eo
346 1286 464 1344 quod
487 1287 721 1328 molestum
745 1295 838 1327 erat
859 1285 1117 1326 hominibus
1134 1287 1468 1327 monachorum.

331 1360 400 1404 30.
421 1385 479 1390 --
500 1360 673 1400 Interea
695 1357 904 1399 defuncto
926 1355 1156 1401 Willelmo
1181 1357 1334 1415 Capite
1358 1367 1511 1415 stupae
1528 1366 1570 1399 et
1598 1357 1772 1414 sepulto

272 1433 389 1491 apud
412 1431 645 1474 ecclesiam
671 1431 823 1473 Sancti
847 1430 1064 1488 Cipriani,
1097 1430 1253 1471 ducem
1294 1446 1375 1487 pro
1417 1446 1468 1471 eo
1508 1428 1647 1470 filium
1677 1429 1773 1486 ejus

270 1503 547 1550 NVillelmum
570 1502 727 1544 habuit
748 1502 1001 1560 Aquitania.
1036 1501 1121 1555 Qui
1161 1501 1296 1543 filiam
1344 1500 1550 1543 Tetbaldi
1591 1501 1771 1558 Campa-

271 1576 439 1626 nensis,
464 1574 677 1616 vocabulo
699 1575 915 1625 Emmam,
941 1590 1123 1615 uxorem
1146 1572 1333 1630 accepit,
1368 1571 1610 1632 genuitque
1645 1588 1698 1613 ex
1724 1588 1774 1614 ea

271 1648 410 1690 filium
432 1646 706 1691 VVillelmum
723 1647 752 1687 '·.
779 1648 874 1688 Rex
901 1655 1045 1687 autem
1082 1645 1317 1687 Lotharius
1340 1643 1619 1686 LemOvicam
1643 1643 1770 1695 adiit,

273 1731 316 1763 et
341 1731 516 1778 tempus
539 1720 812 1778 aliquantum
836 1718 880 1759 in
902 1717 1140 1775 Aquitania
1163 1718 1325 1778 exegit.
1350 1717 1477 1759 Unde
1496 1725 1724 1757 revertens
1741 1724 1770 1766 ²,

273 1809 441 1835 veneno
465 1809 486 1833 a
508 1792 663 1851 regina
691 1807 766 1832 sua
783 1790 982 1832 adultera
1005 1789 1224 1831 extinctus
1254 1799 1335 1831 est.
1376 1788 1627 1845 Filiumque
1667 1787 1773 1829 reli-

275 1864 370 1923 quit
391 1863 676 1914 Ludovieum‚
702 1863 778 1920 qui
800 1878 886 1904 uno
908 1871 1078 1903 tantum
1111 1877 1225 1902 anno
1260 1860 1563 1918 supervivens,
1595 1868 1638 1900 et
1677 1858 1773 1916 ipse

275 1946 381 1994 potu
428 1935 659 1977 maleficiia
711 1944 891 1977 necatus
938 1943 1018 1975 est.
1071 1935 1274 1994 Regnum
1329 1949 1409 1990 pro
1470 1948 1520 1974 eo
1570 1930 1773 1988 accipere

274 2008 413 2050 voluit
457 2017 638 2065 patruus
680 2008 774 2064 ejus
810 2005 1009 2057 Carolus,
1051 2005 1128 2047 sed
1175 2021 1263 2046 non
1309 2003 1470 2061 potuit,
1506 2002 1608 2061 quia
1653 2004 1772 2044 Deus

310 2130 341 2169 v)
365 2129 426 2160 Hic
447 2128 540 2169 cepit
577 2128 612 2158 in
646 2127 808 2157 conflictu
848 2126 1083 2158 Gauzbertum
1115 2123 1292 2159 clericum,
1335 2124 1479 2153 fratrem
1505 2121 1601 2152 Eliae
1621 2119 1772 2156 comitis,

274 2182 376 2211 quem
396 2170 549 2202 reddidit
564 2170 748 2204 Willelmo,
771 2169 843 2199 filio
872 2166 1036 2198 Willelmi
1064 2165 1198 2206 Capitis
1223 2170 1384 2206 stuppae,
1409 2163 1537 2194 seniori
1565 2174 1627 2193 suo
1654 2167 1688 2192 et
1707 2173 1771 2202 pro

273 2213 403 2243 ultione
436 2211 611 2242 Benedicti
645 2210 862 2252 corepiscopi
885 2209 994 2240 oculis
1016 2208 1229 2249 privandum
1249 2206 1436 2237 consensit.
1473 2206 1640 2236 Defuncto
1680 2203 1772 2234 enim

272 2255 443 2285 Willelmo
466 2254 585 2294 Capite
601 2257 738 2294 stuppe,
766 2257 837 2283 εἰ...
862 2251 947 2284 C.—
967 2250 999 2290 x)
1021 2249 1305 2280 commandatum
1325 2249 1362 2280 A.
1379 2266 1420 2271 —
1440 2248 1473 2288 y)
1496 2247 1557 2277 Hic
1579 2244 1774 2276 construxit

273 2301 429 2327 castrum
450 2296 700 2326 Roncommum
723 2294 804 2324 add.
828 2293 951 2334 C.——z)
972 2296 1152 2323 revertaus
1174 2292 1212 2323 A.
1236 2290 1323 2331 —a)
1346 2301 1365 2320 a
1388 2300 1451 2320 sua
1467 2288 1615 2329 conjuge
1639 2288 1770 2318 Blanca

274 2338 412 2369 nornine
428 2337 508 2368 add.
527 2337 560 2370 C.

317 2491 342 2520 1.
366 2490 493 2520 Aimeri
521 2489 668 2520 succeda
705 2489 723 2517 a
762 2488 882 2518 Aimon
910 2490 943 2517 et
963 2497 1029 2516 non
1058 2487 1076 2515 a
1097 2485 1238 2517 Gozelin
1260 2495 1302 2514 ou
1330 2483 1462 2515 Gonsin
1495 2481 1553 2522 qui
1575 2479 1659 2511 etait
1680 2488 1776 2514 mort

273 2543 313 2562 en
337 2533 407 2561 89'4.

315 2575 343 2604 2.
362 2574 474 2604 Boson
492 2573 522 2603 le
543 2572 661 2606 Yieux,
685 2575 795 2601 comte
817 2571 905 2601 dela
925 2569 1200 2607 Marche,÷x-ers
1221 2569 1290 2599 968,

313 2617 342 2645 3.
367 2615 561 2648 Chambon.
583 2626 611 2644 c,
637 2614 677 2643 de
697 2614 790 2643 l'arr.
819 2613 859 2642 dc
880 2612 1035 2642 Boussac
1051 2611 1220 2649 (Creuse).

315 2659 343 2687 Αἰ.
362 2657 557 2689 Guillaume
574 2657 603 2686 11
631 2656 805 2695 (963-990),
827 2658 937 2684 comte
952 2654 992 2684 de
1014 2653 1158 2684 Poitiers
1180 2658 1213 2683 et
1232 2653 1297 2682 duc
1312 2649 1541 2691 d’Aquitaine,
1557 2651 1613 2681 fils
1635 2654 1668 2681 et
1692 2660 1772 2681 suc-

272 2710 413 2729 cesseur
447 2699 486 2728 de
514 2698 708 2730 Guillaume
745 2697 826 2726 Tete
854 2696 1032 2736 d'Etoupe,
1062 2697 1193 2736 epousa
1223 2694 1356 2727 Emma‚
1382 2692 1453 2722 fille
1479 2693 1519 2722 de
1552 2692 1705 2723 Thibaut
1742 2692 1773 2722 le

273 2741 451 2775 Tricheur,
487 2744 597 2770 comte
630 2740 670 2770 de
708 2738 815 2774 Blois,
852 2748 933 2769 avec
955 2737 1105 2778 laquelle
1125 2737 1150 2767 il
1172 2740 1230 2768 eut
1246 2736 1287 2766 de
1308 2734 1461 2765 celebres
1482 2734 1633 2766 demeles
1654 2733 1772 2774 conju-

273 2793 374 2823 guux.
