1908 3256
1 2353 14 2382 n:

692 330 806 355 unu-:n
838 330 1012 355 'run'rius
1518 323 1585 356 1513

97 431 213 451 errore
237 419 490 451 detinebantur.
515 418 645 448 scilicet
678 418 882 452 Pollianam,
913 418 1144 453 Sdavaniarn,
1179 419 1430 450 wau-subustum.
1458 420 1584 449 Cras-0-

98 462 219 493 viamt.
245 462 339 496 Quas
361 464 546 500 postquam
571 460 727 490 fundavit
749 460 781 489 in
804 460 881 491 fide,
904 459 989 488 abiit
1014 460 1046 488 in
1074 461 1283 500 provintiam
1310 461 1582 493 Fiat-enatorum.

98 508 135 534 ut
155 503 204 533 eis
219 502 415 543 predicaret
436 500 630 530 Dominum.
657 502 718 530 llla
742 512 824 540 gens
848 501 991 530 nimium
1015 501 1115 530 idolis
1138 502 1253 535 effi-ra,
1282 506 1361 541 post
1395 507 1470 531 octo
1510 502 1581 531 (lies

98 545 141 575 ad
165 555 222 575 eos
243 547 385 574 venerat
411 547 443 573 et
470 542 646 574 Christum
667 542 715 571 cis
751 542 962 572 adnunciare
994 547 1144 582 ceperat.
1171 554 1258 572 nono
1290 543 1343 572 dio
1378 543 1584 582 reperienti-s

97 597 175 617 eum
201 584 349 615 orationi
370 584 580 617 incumbere,
604 583 796 613 missilibus
818 594 922 624 quam
947 584 1066 613 ferreis
1087 584 1332 616 confodientes,
1350 584 1475 616 Christi
1494 596 1585 614 mar-

98 628 198 658 tirem
227 627 390 657 fecerunt.
414 625 553 657 Deinde.
575 629 667 654 secto
688 625 813 665 capite.
836 636 962 665 corpus
984 624 1057 664 ejus
1084 625 1118 654 in
1141 626 1252 654 lacum
1269 637 1430 663 magnum
1453 626 1586 655 ‹Iemer-

100 672 241 702 serunt:
263 667 376 708 capud
397 670 511 697 autem
533 666 654 696 bestiis
679 666 711 695 in
728 677 888 706 campum
906 666 1134 706 projecerunt.
1153 667 1302 704 Angelus
1318 671 1430 696 autem
1454 667 1585 696 Domini

99 709 273 751 accipiens
297 708 423 749 capud,
441 707 559 748 posuit
576 707 672 748 juxta
688 708 837 738 cadaver
858 707 890 737 in
908 707 1104 737 ulteriorem
1133 707 1262 748 ripam:
1293 708 1338 737 ibi
1362 708 1536 737 immobile
1557 713 1588 737 ct

98 752 267 782 intactum
296 754 330 781 et
360 749 601 789 incorruptum
638 749 842 789 permansit.
877 760 1055 789 quousque
1095 749 1325 787 negotiatores
1354 749 1493 787 navigio
1529 761 1588 789 per

98 793 198 824 illum
225 793 337 822 locum
358 791 598 831 praeterirent.
620 790 684 826 Qui
701 792 914 820 conserentes
932 795 1088 820 sanctum
1105 788 1318 822 thesaurum.
1343 792 1590 830 patefecerunt-

99 845 164 875 que
186 832 418 864 sclavaniam.
443 832 517 868 Quo
539 837 727 872 comperto,
751 842 808 862 rex
844 832 1035 863 Sclavanie.
1071 831 1205 861 nomine
1228 832 1462 863 Botcsclavus.
1489 843 1587 871 quem

98 876 174 917 ipse
185 879 326 906 sanetus
344 874 552 904 Adalbertus
579 873 831 914 baptizaverat.
857 873 947 902 datis
988 873 1124 913 magnis
1161 873 1374 905 muneribus,
1410 873 1522 913 capud
1559 878 1591 902 ct

99 918 249 948 cadaver
266 916 399 955 excepit
418 926 495 945 cum
511 915 652 948 honore,
671 919 703 944 et
725 914 973 944 monasterium
995 915 1028 944 in
1039 915 1111 953 ejus
1134 915 1269 944 nomine
1288 915 1473 944 maximum
1495 925 1591 943 cons-

100 958 217 991 truxit.
237 962 270 988 et
286 958 395 987 multa
410 957 579 986 miracula
594 956 667 986 ficri
682 960 870 996 coeperunt
884 967 945 996 per
966 957 1122 986 eumdem
1144 956 1270 987 Christi
1296 956 1484 985 martirem.
1506 956 1589 985 Pas-

100 1012 159 1031 sus
179 1003 232 1030 est
246 1003 360 1029 autem
376 1003 516 1028 sanctus
536 998 744 1030 Adalbertus
762 998 815 1027 (lic
833 1004 927 1026 xxiw‘
945 997 1071 1027 mensis
1088 997 1223 1037 aprilis.
1246 997 1278 1027 id
1296 1002 1348 1027 est
1367 1009 1454 1027 nono
1471 997 1589 1026 kalen-

101 1043 163 1072 das
186 1041 264 1071 mai.
297 1043 444 1071 Sanctus
467 1044 581 1069 autem
603 1040 740 1069 Brunus
761 1039 931 1069 convertit
959 1039 1002 1068 ad
1042 1039 1144 1068 fidem
1173 1039 1340 1077 IJngriam
1380 1038 1590 1079 provintiam

100 1083 218 1116 aliam.
241 1093 305 1123 que
330 1085 473 1112 vocatur
489 1081 625 1111 Russia.
650 1081 775 1120 Regem
804 1080 933 1120 [⁷ngrie
956 1080 1160 1120 baptizavit..
1183 1079 1240 1120 qui
1269 1080 1458 1110 vocabatur
1485 1081 1589 1113 tkouz,

100 1129 133 1155 et
154 1128 286 1155 mutato
312 1122 450 1153 nomine
473 1122 507 1152 in
529 1122 705 1163 baptismo
729 1122 941 1162 Stephanum
964 1122 1129 1154 vovaviw.
1164 1133 1262 1161 quem
1297 1122 1361 1151 Oto
1404 1121 1592 1161 imperator

100 1167 134 1196 in
162 1165 270 1196 natali
292 1164 551 1205 protomartiris
579 1164 744 1204 Stephani
768 1176 786 1193 a
811 1163 1022 1204 baptismate
1037 1163 1181 1203 excepit,
1199 1168 1229 1192 et
1252 1167 1394 1203 regnum
1429 1163 1457 1193 ei
1485 1163 1591 1192 liber-

100 1209 185 1239 rime
202 1207 330 1237 habere
351 1205 521 1246 permisit,
548 1206 634 1235 dans
655 1205 683 1235 ei
700 1205 875 1234 licentiam
897 1206 984 1234 serre
1001 1205 1155 1234 lanceam
1183 1216 1319 1234 sacram
1345 1204 1483 1244 ubique,
1505 1203 1594 1233 sicut

99 1249 168 1290 ipsi
196 1248 400 1289 imperatori
425 1259 498 1277 mos
513 1252 575 1281 est,
592 1252 625 1278 et
646 1247 812 1287 reliquias
833 1257 872 1275 ex
887 1246 995 1276 clavis
1019 1246 1151 1275 Domini
1169 1250 1201 1275 ct
1222 1246 1340 1275 lancea
1367 1245 1477 1275 sancti
1503 1245 1594 1274 Mau-

101 1291 176 1322 ricii
198 1290 226 1321 ei
248 1289 419 1319 concessit
442 1289 476 1318 in
497 1288 642 1329 propria
665 1289 795 1318 lancea.
833 1288 899 1317 Rex
932 1298 1067 1328 quoque
1101 1287 1323 1327 supradictus
1358 1287 1466 1316 silium
1493 1297 1593 1316 suum

101 1332 281 1373 baptizare
299 1330 406 1371 jussit
428 1335 547 1360 sancto
569 1330 696 1363 Brimo,
722 1330 903 1370 imponens
926 1329 954 1358 ci
978 1340 1099 1358 nomen
1117 1329 1205 1358 sicut
1221 1328 1287 1358 sibi
1309 1328 1533 1368 Stephanum.
1556 1328 1594 1357 Et

100 1374 169 1415 ipsi
191 1373 262 1403 filio
283 1372 356 1413 ejus
380 1372 567 1412 Stephano,
586 1371 650 1402 Oto
672 1371 862 1411 imperator
878 1381 1031 1400 sororem
1056 1370 1201 1403 Eenrici.
1222 1374 1343 1410 postea
1359 1369 1592 1410 imperatoris,

100 1416 135 1446 in
150 1414 311 1455 conjugio
327 1414 431 1443 dedit.
456 1414 499 1445 ,tt
519 1424 599 1444 vero
618 1417 758 1442 sanctus
782 1413 929 1445 Brunus.
947 1423 1022 1441 cum
1040 1412 1081 1440 ad
1105 1412 1304 1441 Pincenatcs
1320 1410 1593 1451 properavisset..

101 1462 134 1488 et
154 1457 333 1487 Christum
353 1454 574 1495 praedicaret
595 1454 745 1494 cepisset
766 1454 847 1484 illis.
866 1464 992 1494 passus
1009 1457 1059 1482 ost
1081 1453 1123 1482 ab
1145 1453 1206 1485 eis,
1231 1453 1319 1482 sicut
1334 1463 1461 1492 passus
1484 1453 1596 1482 suerat

102 1503 243 1529 sanctus
270 1497 489 1527 Adalbcrtus.
516 1496 601 1525 Nam
624 1495 812 1529 Piucenati,
837 1495 1008 1524 diabolico
1032 1496 1145 1523 surore
1168 1494 1349 1526 sevientes,
1368 1493 1500 1523 viscera
1526 1504 1595 1523 om-

102 1540 159 1570 nia
180 1539 310 1571 ventris
331 1549 393 1579 pcr
419 1538 581 1578 exiguum
605 1539 757 1567 foramen
779 1536 898 1566 lateris
931 1537 960 1566 ei
977 1540 1208 1567 extraxerunt.
1231 1540 1263 1565 ct
1286 1535 1513 1565 fortissimum
1535 1534 1592 1565 Dei

102 1581 281 1612 martirem
301 1581 531 1620 perfecerunt.
563 1579 696 1619 Corpus
718 1578 791 1618 ejus
821 1580 997 1608 {ussorum
1027 1588 1109 1616 gens
1136 1588 1261 1617 magno
1296 1576 1411 1617 precio
1437 1575 1592 1609 redemit,

103 1628 135 1654 et
158 1623 193 1653 in
215 1621 341 1653 Russia
362 1620 610 1650 monasterium
630 1620 704 1660 ejus
730 1620 858 1649 nomini
881 1623 1147 1649 construxerunt
1178 1618 1383 1659 magnisque
1416 1617 1594 1647 miraculis

103 1675 287 1695 coruscare
304 1662 406 1703 cepit.
432 1662 512 1691 Post
534 1673 662 1702 paucos
686 1661 758 1691 dies
792 1661 933 1701 quidam
968 1661 1096 1690 Grecus
1133 1660 1318 1700 episcopus
1361 1659 1394 1688 in
1435 1659 1595 1689 Russiam

104 1706 207 1738 venit.
232 1710 265 1736 et
287 1704 506 1734 medietatem
520 1703 633 1744 ipsius
649 1702 833 1743 provintie.
853 1713 941 1743 quae
962 1702 1074 1731 adhuc
1091 1702 1192 1730 idolis
1211 1701 1326 1730 dedita
1348 1705 1434 1735 erat,
1458 1711 1596 1730 conver—

101 1748 154 1782 tit.
177 1752 210 1778 et
227 1757 357 1777 morem
379 1745 527 1776 Grecum
547 1745 581 1774 in
603 1745 714 1774 barba
734 1744 919 1774 crescenda
946 1747 978 1773 et
1002 1743 1125 1772 ceteris
1147 1743 1313 1782 exemplis
1334 1753 1391 1772 eos
1417 1742 1592 1782 suscipere

104 1789 192 1820 fecit.
217 1787 400 1819 Odolricus
417 1791 544 1819 autem,
564 1786 622 1826 qui
639 1790 758 1816 sancto
782 1786 896 1815 Bruno
912 1789 1139 1814 successerat.
1161 1784 1202 1813 ad
1219 1784 1400 1813 Dominum
1424 1783 1593 1821 migrans,

101 1830 239 1871 magnis
262 1828 450 1861 virtutibus
480 1828 612 1858 clarere
645 1827 780 1857 meruit.
818 1827 964 1867 Ideoque
1003 1826 1263 1859 monasterium,
1296 1825 1378 1854 soris
1421 1821 1595 1854 civitatem

103 1873 255 1911 Osburg.
272 1870 345 1911 ejus
363 1869 494 1900 nomini
509 1869 704 1899 construxit
723 1869 909 1909 episcopus
925 1868 1005 1897 item
1022 1868 1170 1901 munus,
1192 1877 1371 1896 successor
1385 1866 1470 1906 ejus,
1491 1867 1596 1895 frater

104 1913 237 1944 Eenrici
267 1911 505 1953 imperatoris.
527 1911 655 1940 Eadem
677 1921 757 1941 vero
780 1910 863 1939 urbs
886 1910 979 1949 apud
1006 1909 1175 1939 Romanos
1204 1908 1393 1938 vocabatur
1418 1907 1595 1937 valentina

103 1956 147 1985 ab
180 1953 403 1995 imperatoris
432 1952 580 1988 nomine,
622 1952 680 1992 qui
712 1962 786 1981 eam
823 1951 978 1980 condidit
1015 1950 1161 1991 primus.
1194 1949 1327 1984 Quibus
1371 1949 1491 1979 diebus
1531 1948 1596 1978 Oto

103 1997 295 2037 imperator
315 2006 377 2036 per
398 2005 557 2024 somnum
579 1994 730 2023 monitus
746 1997 798 2023 est
818 1997 856 2022 ut
876 1993 1007 2022 levaret
1026 2003 1152 2032 corpus
1183 1991 1295 2023 Caroli
1330 1990 1445 2031 Magni
1484 1990 1595 2030 impe-

103 2038 243 2073 ratoris,
265 2037 357 2078 quod
385 2036 492 2076 Aquis
514 2036 677 2065 humatus
704 2039 790 2069 erat,
820 2034 878 2064 sed
906 2037 1076 2064 vetustate
1115 2032 1333 2066 obliterante,
1367 2032 1597 2072 ignorabatur

103 2081 199 2110 locus
226 2083 353 2113 certus,
376 2077 435 2107 ubi
457 2077 668 2118 quiescebat.
694 2077 737 2106 Et
761 2079 902 2117 peracto
936 2075 1097 2105 triduano
1125 2074 1267 2114 jejunio,
1296 2074 1455 2104 inventus
1484 2076 1535 2102 est
1558 2082 1595 2102 eo

103 2121 189 2155 loco,
216 2131 318 2162 quem
341 2130 403 2160 per
424 2119 538 2150 visum
558 2122 770 2159 cognoverat
785 2116 1158 2158 imperator‚sedensin
1175 2126 1278 2145 aurea
1306 2115 1482 2147 cathedra,
1505 2114 1595 2144 intra

104 2167 285 2194 arcuatam
307 2161 521 2202 speluncam,
544 2159 636 2190 infra
663 2159 847 2189 basilicam
884 2158 1001 2193 Mai-ie,
1036 2161 1221 2187 coronatus
1250 2167 1377 2186 corona
1399 2167 1437 2185 ex
1459 2166 1543 2186 auro
1564 2158 1597 2184 et

105 2203 387 2246 gemmis,tenens
410 2205 585 2242 sceptrum
607 2206 640 2231 et
654 2212 769 2231 ensem
784 2211 824 2230 ex
837 2211 922 2230 auro
944 2199 1144 2240 purissimo,
1161 2203 1194 2228 et
1213 2198 1326 2238 ipsum
1339 2208 1463 2237 corpus
1487 2196 1596 2226 incor-

104 2250 247 2286 ruptum
269 2245 448 2275 inventum
469 2247 531 2273 est.
555 2243 653 2278 Quod
678 2243 828 2273 levatum
851 2241 991 2282 populis
1030 2241 1302 2270 demonstratum
1344 2243 1405 2268 est.
1448 2238 1596 2273 Quidam

105 2298 185 2319 vero
202 2286 449 2317 canonicorum
473 2284 628 2325 ejusdem
653 2284 730 2319 loci,
747 2283 968 2317 Adalbertus,
985 2293 1063 2312 cum
1077 2281 1207 2311 enormi
1230 2285 1261 2310 et
1283 2291 1425 2320 procero
1453 2289 1596 2319 corpore

105 2333 206 2363 esset,
226 2338 391 2359 coronam
411 2326 524 2358 Caroli
542 2325 642 2366 quasi
664 2336 727 2366 pro
753 2335 914 2355 mensura
938 2323 1044 2364 capiti
1061 2334 1122 2353 suo
1143 2323 1419 2361 circumponens,
1436 2320 1595 2350 inventus

104 2375 157 2401 est
180 2369 345 2400 strictiori
361 2368 500 2403 vertice,
523 2378 685 2397 coronam
709 2366 938 2407 amplitudine
957 2376 1018 2395 sua
1053 2365 1242 2395 vincentem
1265 2363 1432 2392 circulum
1454 2361 1591 2402 capitis.

105 2413 189 2445 Crus
213 2411 396 2452 proprium
409 2409 515 2440 etiam
535 2409 578 2439 ad
593 2408 704 2438 cruris
727 2418 924 2438 mensuram
946 2407 1038 2447 regis
1059 2405 1428 2438 di1netiens.inventns
1443 2407 1493 2432 cst
1515 2403 1594 2432 bre-

106 2453 191 2488 vior,
213 2457 246 2483 et
262 2453 380 2493 ipsum
399 2451 473 2492 ejus
492 2462 572 2481 crus
593 2450 752 2491 protinus
773 2449 891 2480 divina
912 2448 1039 2479 virtute
1059 2449 1273 2477 confractum
1295 2450 1357 2475 est.
1381 2445 1444 2480 Qui
1472 2454 1596 2484 super-

106 2495 225 2526 vivens
246 2494 346 2525 annis
369 2503 423 2530 xL,
441 2503 578 2533 semper
599 2491 724 2522 debilis
744 2490 948 2532 permansit.
975 2489 1108 2530 Corpus
1130 2499 1210 2519 vero
1230 2486 1343 2520 Caroli
1367 2485 1544 2515 conditum
1559 2484 1593 2514 in

147 2663 175 2692 1.
203 2662 294 2692 Tout
311 2661 384 2691 cela
404 2664 458 2691 est
474 2661 544 2690 tres
565 2660 697 2689 consus.
716 2658 809 2694 Gisa,
825 2657 918 2688 reine
933 2657 991 2687 des
1009 2655 1194 2696 Hongrois,
1211 2658 1268 2684 eut
1288 2664 1332 2683 un
1348 2653 1402 2682 fils
1420 2662 1485 2693 que
1505 2651 1596 2692 bap-

105 2703 174 2734 tisa
190 2704 223 2733 S.
241 2703 419 2736 Adalbert.
447 2701 535 2731 mais
560 2701 643 2731 dont
673 2711 715 2730 on
737 2700 859 2741 ignore
880 2700 910 2730 le
925 2709 1015 2729 nom.
1041 2698 1129 2728 Tout
1157 2707 1194 2726 ce
1214 2705 1280 2736 que
1305 2698 1443 2725 raconte
1464 2693 1597 2723 l'inter-

108 2745 270 2786 polateur
291 2755 351 2774 sur
374 2745 407 2774 S.
426 2744 541 2774 Bruno
562 2746 615 2772 est
630 2743 720 2772 faux.

149 2787 177 2816 2.
202 2786 231 2816 11
270 2796 307 2816 se
345 2785 432 2816 mele
467 2785 698 2816 evidemment
729 2783 910 2823 beaucoup
944 2782 984 2812 de
1023 2779 1167 2821 legende
1196 2780 1216 2808 ἐι
1247 2776 1415 2807 l'histoire
1448 2776 1535 2805 dans
1564 2785 1600 2804 ce

107 2827 204 2859 rescit.

1605 2890 1608 2902 t
