1908 3256
259 257 334 293 110
775 269 961 294 annnam
993 268 1234 294 ennomcoN

256 358 308 395 tis
330 358 503 403 viribus,
530 358 675 396 iterum
701 358 758 396 eis
782 359 934 397 bellum
956 358 1197 396 intulerunt.
1225 357 1268 396 In
1291 371 1372 410 quo
1395 358 1585 397 conflictu
1607 358 1759 412 Ragin-

259 422 414 461 fridusd
443 432 480 461 et
503 437 607 461 unus
630 424 679 461 de
695 424 788 461 filiis
810 424 1023 462 Godefridi
1047 424 1116 475 qui
1136 422 1265 475 major
1298 432 1393 462 natu
1434 432 1521 462 erat
1553 425 1756 464 interfecti

258 497 367 527 sunt.
392 489 481 538 Quo
504 490 621 535 sacto,
647 489 825 527 Eroldus
860 491 984 528 rebus
1025 490 1112 528 suis
1139 489 1343 537 diffidens,
1379 491 1429 528 ad
1469 490 1758 543 imperatorem

257 555 383 601 venit,
409 563 447 592 et
471 569 513 593 se
536 555 576 592 in
593 569 735 593 manus
759 555 869 593 illius
904 556 1216 594 commendavit.
1256 555 1384 604 Quem
1420 556 1487 594 ille
1521 566 1757 609 susceptum

258 626 298 663 in
322 625 538 664 Saxoniam
571 627 630 664 ire
653 634 691 664 et
732 634 979 678 oportunum
999 635 1161 678 tempus
1193 635 1407 678 expectare
1435 625 1577 679 jussit,
1602 641 1683 679 quo
1705 628 1757 675 ei,

259 691 364 730 sicut
384 692 571 742 petierat,
596 691 790 729 auxilium
826 692 932 729 serre
970 692 1187 743 potuisset.
1226 692 1412 730 Domnus
1448 700 1580 730 autem
1621 692 1759 732 Ludo-

257 757 372 795 vicus
404 758 607 809 imperare
645 757 752 808 cepit
792 763 1012 795 ncccxun⁰
1045 772 1151 796 anno
1183 759 1231 795 ab
1266 758 1548 796 incarnatione
1575 758 1758 807 Domini,

260 822 298 860 id
322 832 383 861 cst
405 837 452 861 eo
473 824 564 875 ipso
587 837 666 874 quo
689 831 805 874 pater
821 821 908 874 ejus
926 823 1040 861 obiit.
1061 823 1193 862 Jussit
1214 837 1312 861 vero
1326 832 1368 861 ut
1385 823 1568 861 Saxones
1586 832 1624 862 et
1644 823 1758 862 Abo-

259 889 353 926 driti
373 890 422 926 ad
441 889 541 926 hanc
574 888 875 940 expeditionem
892 898 1228 940 prepararentur.
1257 889 1598 941 Temptatumque
1628 898 1689 928 est
1718 890 1759 928 in

257 955 326 992 illa
347 955 477 992 hieme
493 955 651 992 duabus
667 953 842 999 vicibus,
861 952 895 991 si
923 953 1085 992 Albiam
1120 955 1297 993 transire
1319 964 1477 1007 posset.
1512 955 1593 993 Sed
1627 963 1759 993 muta-

259 1021 369 1058 tione
393 1021 526 1058 subita
547 1019 652 1057 aeris
671 1019 841 1057 mollitie
868 1020 991 1073 glatie
1014 1020 1193 1058 fluminis
1217 1021 1413 1067 resoluta,
1456 1021 1667 1073 negotium
1690 1034 1759 1059 re-

258 1087 405 1124 mansit
422 1087 703 1138 imperseetum
722 1086 866 1131 donec,
885 1086 1016 1123 hieme
1036 1094 1255 1132 transacta,
1278 1087 1386 1124 circa
1407 1086 1583 1124 medium
1607 1086 1756 1124 maium

255 1161 501 1203 oportunum
531 1161 692 1203 tempus
721 1152 1012 1203 proficiscendi
1044 1152 1196 1189 arrisit.
1242 1152 1355 1189 Tunc
1393 1165 1536 1190 omnes
1567 1151 1757 1189 Saxonici

255 1217 423 1255 comites
435 1231 659 1268 omnesque
669 1217 965 1255 Abodritorum
977 1217 1093 1268 copie
1111 1231 1201 1254 cum
1215 1217 1359 1268 legatis
1371 1216 1381 1239 f
1395 1216 1657 1268 imperatoris
1667 1216 1759 1254 Bal-

254 1283 382 1329 drico,
408 1282 678 1335 sicutjussum
703 1291 803 1329 erat,
823 1284 873 1320 ad
900 1283 1091 1320 auxilium
1110 1282 1264 1320 Eroldo
1286 1284 1638 1329 ferendum,trans
1658 1282 1754 1334 Egi-

253 1350 393 1386 dorcm
409 1348 572 1387 fluvium
590 1348 629 1385 in
643 1349 1092 1387 terraNormannorum
1102 1348 1300 1386 vocabulo
1312 1348 1480 1386 Silentis
1490 1348 1751 1399 perveniunt.

255 1415 352 1452 Inde
374 1415 563 1466 profecti,
589 1414 763 1465 septimo
780 1414 860 1461 die,
886 1423 1019 1452 castra
1042 1423 1201 1465 ponunt
1222 1414 1262 1451 in
1303 1414 1422 1451 litore
1458 1414 1624 1451 Oceani.
1663 1413 1756 1451 Filii

252 1490 383 1518 autem
404 1480 616 1518 Godesridi
639 1481 833 1518 ducentas
857 1493 980 1518 naves
1006 1489 1045 1518 et
1069 1493 1259 1531 magnum
1298 1479 1521 1517 exercitum
1555 1479 1758 1518 habebant

252 1546 290 1583 in
314 1546 447 1583 insula
468 1546 600 1583 tribus
624 1546 788 1583 milibus
812 1545 1063 1583 continentia
1086 1546 1291 1583 Saxonum
1315 1545 1509 1583 exercitu.
1544 1545 1625 1583 Sed
1665 1558 1754 1583 cum

252 1626 332 1649 non
354 1613 552 1649 auderent
574 1612 771 1663 congredi
794 1625 883 1649 cum
906 1611 1087 1649 exercitu
1122 1611 1400 1662 imperatoris,
1437 1624 1511 1648 nec
1553 1610 1755 1649 exercitus

251 1678 510 1729 imperatoris
534 1691 623 1715 cum
645 1677 764 1728 ipsis,
791 1677 1178 1724 Saxones‚vastatis
1209 1677 1355 1715 vicinis
1393 1676 1511 1728 pagis
1540 1685 1578 1714 et
1614 1690 1753 1728 accep-

250 1744 302 1780 tis
320 1743 536 1780 obsidibus
558 1743 829 1793 popularibus
855 1755 923 1788 xL,
948 1742 1106 1780 reversi
1124 1751 1219 1780 sunt
1242 1742 1459 1780 Saxoniam
1494 1742 1543 1779 ad
1576 1741 1756 1793 impera-

250 1817 394 1846 torem.
422 1808 513 1859 lpse
537 1809 643 1846 enim
672 1817 766 1845 tunc
792 1808 994 1846 hiemabat
1033 1808 1073 1845 in
1106 1807 1392 1855 Paerbrunno,
1437 1816 1475 1846 et
1511 1816 1754 1845 conventum

250 1874 481 1926 generalem
503 1874 690 1912 habebat.
718 1874 777 1911 Ibi
801 1888 889 1911 cum
912 1887 1054 1911 omnes
1089 1873 1348 1911 orientalium
1390 1872 1628 1911 Sclavorum
1666 1872 1755 1924 pri-

251 1954 384 1978 mores
407 1940 528 1992 legati
550 1949 706 1986 essent,
724 1940 900 1978 adlatum
922 1948 984 1977 est
1006 1939 1041 1977 ei
1061 1940 1259 1991 quosdam
1276 1939 1591 1990 deprimoribus
1608 1938 1754 1976 Roma·

250 2019 392 2043 norum
416 2007 465 2043 ad
500 2005 826 2044 interficiendum
850 2005 1028 2043 Leonem
1050 2019 1195 2056 papam
1218 2005 1258 2042 in
1281 2007 1381 2043 urbe
1404 2005 1564 2042 Roma&
1591 2003 1753 2055 conspi-

249 2085 379 2119 rasse,
404 2080 442 2109 et
463 2085 585 2109 causa
603 2079 756 2122 aperta,
777 2069 896 2122 jussu
919 2071 1051 2121 ipsius
1073 2070 1298 2122 pontificis,
1324 2084 1466 2108 omnes
1482 2069 1592 2107 illius
1609 2069 1752 2107 factio-

249 2138 311 2175 nis
333 2147 519 2175 auctores
543 2137 668 2174 fuisse
685 2137 926 2174 trucidatos.
952 2136 1070 2184 Quod
1094 2150 1182 2173 cum
1213 2136 1436 2187 imperator
1469 2135 1638 2173 moleste
1671 2135 1754 2172 ser-

250 2212 326 2250 rct‚
350 2203 548 2241 ordinatis
573 2203 811 2240 sclavorum
834 2211 872 2240 et
915 2201 1086 2239 Heroldi
1124 2203 1263 2247 rebus,
1306 2202 1480 2253 ipsoque
1514 2201 1555 2238 in
1579 2199 1754 2238 Saxonia

249 2269 436 2314 dimisso,
473 2282 562 2306 cum
594 2269 643 2305 ad
679 2266 1015 2305 Franconofurdh
1042 2267 1235 2318 palatium
1257 2267 1454 2313 venisset,
1479 2266 1750 2312 Bernardurn,

251 2344 439 2387 nepotem
477 2348 610 2378 suum,
649 2333 760 2371 Italie
799 2347 953 2384 regem,
979 2333 1047 2383 qui
1089 2342 1127 2371 et
1161 2334 1250 2384 ipse
1282 2347 1371 2371 cum
1403 2346 1450 2370 eo
1472 2332 1512 2369 in
1536 2331 1751 2368 Saxoniam

254 2402 397 2447 fuerat,
422 2400 531 2437 misit
552 2400 722 2437 Romam
745 2400 794 2436 ad
817 2399 1149 2450 cognoscendum
1173 2399 1281 2450 quod
1304 2398 1585 2436 nunciabatur.
1608 2396 1646 2433 Is
1663 2410 1751 2434 cum

255 2466 424 2503 Romam
463 2465 659 2511 venisset,
685 2465 917 2516 egritudine
937 2464 1143 2502 decubuit.
1169 2464 1251 2502 Res
1292 2473 1426 2502 tamen
1448 2476 1549 2514 quas
1586 2475 1752 2513 compe-

254 2540 363 2569 rerat
382 2544 457 2583 per
479 2530 699 2568 Geraldum
722 2530 909 2568 comitem
926 2530 994 2581 qui
1015 2531 1065 2568 ad
1086 2530 1161 2568 hoc
1182 2530 1217 2567 ei
1249 2530 1407 2581 legatus
1448 2529 1578 2566 fuerat
1615 2528 1749 2574 datus,

251 2598 488 2650 imperatori
511 2597 729 2643 mandavit,
753 2610 873 2649 quem
894 2597 1016 2648 legati
1055 2596 1261 2649 pontificis
1282 2595 1505 2643 Johannes,
1528 2594 1750 2646 episcopus
1785 2595 1788 2599 ’

292 2736 326 2775 d)
354 2736 569 2767 Raensredus
598 2735 637 2771 D,
655 2735 692 2770 E,
717 2735 754 2770 F,
775 2735 816 2767 G.
837 2736 922 2772 -el
940 2733 1072 2765 mollite
1093 2736 1134 2766 A.
1159 2752 1199 2757 ——
1221 2734 1247 2775 f)
1267 2733 1375 2775 legati
1399 2734 1437 2766 A.
1461 2749 1500 2756 —-
1533 2732 1567 2773 g)
1594 2731 1629 2762 in
1664 2730 1750 2762 urbe

252 2778 359 2808 Roma
385 2779 478 2808 deest
507 2778 544 2813 F,
580 2778 670 2809 6.-
692 2778 728 2817 h)
749 2777 988 2808 Franconosur
1013 2777 1050 2813 F,
1081 2777 1126 2809 G.
