1908 3256
296 318 370 354 170
809 326 994 351 Ani-:Mani
1026 325 1266 350 cnnoxicox

291 420 372 462 fuit
401 420 485 461 nisi
522 418 774 476 patriarcha
809 416 1227 468 Hierosolimorum,
1266 418 1343 475 qui
1383 417 1517 459 variis
1559 418 1792 475 suppliciis

293 492 465 533 occisus
489 500 571 542 est,
597 500 640 532 et
661 490 747 531 duo
770 489 1078 531 adolescentes
1108 489 1309 548 germani
1338 489 1381 530 in
1405 490 1598 549 Egypto,
1624 490 1700 548 qui
1722 490 1793 532 de-

296 563 446 606 collati
481 571 582 604 sunt
619 571 661 603 et
695 561 844 602 multis
877 561 1128 602 clarescunt
1158 561 1400 603 miraculis.
1432 563 1540 603 Nam
1581 561 1794 604 ecclesiae

296 644 551 677 sanctorum
576 634 812 675 subversae
843 632 984 684 suntf,
1012 642 1054 674 et
1088 632 1283 690 peccatis
1306 633 1472 674 nostris
1501 633 1795 690 promerenti-

301 709 400 754 bus,
432 706 614 748 basilica
647 705 873 762 sepulchri
896 704 1078 746 Domini
1099 722 1239 763 usque
1263 705 1316 746 ad
1350 705 1492 746 solum
1515 705 1677 747 diruta.
1713 706 1795 747 La-

300 780 449 838 pidem
497 779 773 820 monumenti
814 794 912 820 cum
960 778 1214 820 nullatenus
1244 787 1430 835 possent
1472 777 1792 830 comminuere,

302 852 454 912 ignem
472 851 701 908 copiosum
717 849 1069 908 superadiciunt,
1089 850 1166 892 sed
1180 849 1305 908 quasi
1322 849 1530 891 adamans
1552 849 1796 892 immobilis

301 923 463 965 mansit
485 932 527 964 et
561 923 745 964 solidus.
777 922 1165 964 Bethleemiticam
1195 921 1445 973 ecclesiam,
1476 921 1553 963 ubi
1591 921 1795 964 Christus

299 1004 427 1037 natus
457 1004 538 1045 est,
564 1011 661 1036 cum
685 995 937 1036 niterentur
960 994 1209 1045 destruere,
1241 993 1447 1051 apparuit
1470 992 1532 1035 eis
1560 993 1634 1035 lux
1655 993 1795 1054 fulgu-

299 1083 401 1109 rans
425 1067 589 1118 subito,
620 1076 662 1108 et
685 1066 829 1108 omnis
853 1083 1006 1108 eorum
1032 1065 1272 1108 multitudo
1300 1082 1515 1108 corruens
1535 1065 1791 1123 exspiravit,

298 1148 340 1181 et
363 1139 579 1180 ecclesiag
600 1139 764 1180 intacta
786 1137 1016 1180 remansit.
1042 1137 1109 1179 Ad
1132 1138 1452 1180 monasterium
1475 1155 1651 1196 quoque
1675 1155 1795 1180 mon-

291 1211 349 1252 tis
381 1210 533 1253 Sinaih
569 1210 722 1252 decem
753 1210 873 1251 milia
894 1211 1243 1252 Sarracenorum
1273 1219 1543 1252 armatorum
1564 1210 1794 1253 venientes

294 1281 642 1332 destruendum,
687 1281 820 1341 longe
866 1291 1055 1339 quatuor
1097 1281 1295 1323 millibus
1329 1282 1613 1339 conspiciunt
1650 1291 1793 1324 totum

292 1363 488 1395 montem
518 1353 673 1395 ardere
698 1363 741 1395 et
771 1352 967 1394 flammas
991 1341 1131 1410 usque
1160 1353 1206 1394 in
1235 1353 1381 1395 celum
1410 1353 1534 1406 ferri,
1561 1363 1605 1396 et
1635 1363 1793 1396 cuncta

291 1425 353 1467 ibi
376 1425 519 1482 posita
542 1441 640 1466 cum
670 1425 926 1466 hominibus
950 1441 1128 1466 manere
1163 1425 1304 1466 illesa.
1338 1426 1468 1479 Quod
1501 1442 1599 1467 cum
1632 1442 1791 1468 renun-

291 1497 484 1538 ciassent
518 1496 614 1556 regi
646 1496 897 1547 Babilonio,
932 1496 1186 1554 penitencia
1219 1497 1377 1539 ductus
1409 1507 1498 1539 tam
1535 1497 1631 1555 ipse
1659 1514 1789 1556 quam

291 1569 481 1626 populus
519 1570 791 1611 Sarracenus
825 1569 951 1610 valde
993 1569 1232 1610 doluerunt
1265 1569 1317 1610 de
1361 1569 1447 1620 his,
1483 1585 1593 1627 quae
1634 1579 1789 1612 contra

292 1639 570 1681 Christianos
593 1639 807 1700 egissent,
838 1649 880 1681 et
915 1640 1014 1681 data
1048 1640 1381 1698 praeceptione,
1415 1641 1550 1698 jussit
1588 1641 1787 1683 reaedifi-

291 1711 380 1752 cari
403 1711 631 1753 basilicam
656 1711 883 1768 sepulchri
906 1711 1106 1771 gloriosi.
1126 1712 1291 1753 Tamen
1305 1712 1565 1770 redincepta
1586 1712 1785 1764 basilica,

291 1798 379 1823 non
408 1782 489 1823 fuit
507 1783 695 1839 amplius
718 1783 875 1824 similis
893 1782 1033 1839 priori
1055 1799 1136 1824 nec
1160 1783 1494 1840 pulchritudine
1517 1800 1598 1825 nec
1622 1784 1788 1844 magni-

289 1853 443 1895 tudine
475 1870 605 1911 quam
630 1855 811 1906 Helena,
834 1864 971 1896 mater
1008 1855 1307 1905 Constantini,
1334 1856 1473 1916 regali
1497 1865 1674 1913 sumptu
1691 1872 1788 1913 per—

291 1925 471 1966 fecerat.
497 1927 600 1967 Mox
622 1942 643 1967 e
660 1926 848 1986 vestigio
878 1943 1010 1983 super
1033 1943 1209 1968 omnem
1244 1937 1408 1969 terram
1439 1929 1787 1970 Sarracenorum

292 1997 427 2038 sames
468 1997 697 2039 incanduit
729 2014 808 2055 per
844 2008 936 2040 tres
971 2014 1125 2049 annos,
1168 2008 1210 2040 et
1250 1999 1590 2041 innumerabilis
1634 2016 1787 2041 eorum

292 2071 529 2114 multitudo
559 2070 669 2112 same
693 2080 864 2112 mortua
888 2079 969 2118 est,
996 2071 1055 2111 ita
1077 2079 1123 2111 ut
1146 2070 1317 2127 plateae
1341 2081 1383 2113 et
1411 2071 1587 2113 deserta
1610 2071 1787 2113 cadave-

291 2142 438 2184 ribusi
470 2143 768 2200 replerentur,
803 2152 845 2184 et
884 2142 1043 2184 fierent
1079 2142 1283 2184 homines
1313 2143 1460 2185 cibum
1490 2153 1532 2185 et
1560 2144 1786 2201 sepultura

292 2214 398 2256 seris
421 2224 464 2256 et
497 2215 665 2256 avibus.
695 2216 855 2257 Secuta
879 2224 945 2256 est
979 2231 1053 2256 eos
1084 2215 1220 2274 gladii
1254 2215 1450 2257 vastitas.
1487 2217 1595 2258 Nam
1631 2224 1786 2276 gentes

296 2286 485 2328 Arabiae
510 2304 642 2345 super
661 2297 826 2329 terram
856 2303 1007 2328 eorum
1031 2287 1216 2328 diffusae
1249 2297 1367 2339 sunt,
1405 2298 1448 2330 et
1469 2288 1545 2346 qui
1567 2304 1787 2330 remanse-

297 2368 396 2400 rant
418 2358 546 2409 same,
573 2359 733 2419 gladiis
756 2358 1039 2400 interierunt.
1067 2360 1233 2416 Captus
1256 2369 1323 2401 est
1344 2361 1397 2401 ab
1425 2360 1488 2402 eis
1516 2376 1594 2401 rex
1614 2359 1787 2401 Babilo-

336 2522 361 2557 s)
379 2521 463 2550 Nam
493 2521 638 2551 ecclesia
669 2521 778 2551 sancti
795 2520 947 2561 Georgii,
970 2531 1035 2561 que
1061 2525 1202 2552 actenus
1222 2533 1241 2552 a
1263 2523 1358 2553 nullo
1382 2523 1654 2553 Sarracenorum
1673 2524 1789 2565 potuit

293 2562 430 2594 violari.
457 2567 536 2592 tunc
559 2563 735 2592 destructa
763 2567 815 2593 est
835 2574 911 2593 cum
928 2563 1006 2593 aliis
1026 2563 1144 2593 multis
1166 2564 1321 2594 ecclesiis
1344 2568 1543 2595 sanctorum
1571 2565 1611 2596 C.
1637 2583 1676 2587 —
1700 2569 1735 2606 g)
1756 2570 1789 2596 et

293 2604 342 2634 sic
359 2604 503 2634 ecclesia
524 2604 582 2634 Dei
609 2604 788 2645 genitricis
805 2604 840 2634 C.
861 2623 898 2626 —
918 2605 953 2644 h)
977 2605 1085 2643 Sinai,
1104 2605 1163 2636 ubi
1179 2606 1360 2646 quingenti
1376 2610 1408 2636 et
1428 2617 1466 2636 eo
1490 2606 1642 2647 amplius
1665 2618 1788 2638 mona·
1820 2631 1822 2635 ,

290 2645 345 2675 chi
367 2646 431 2675 sub
452 2646 598 2686 imperio
621 2646 759 2676 abbatis
782 2646 979 2680 manebant,
1003 2647 1169 2677 habentes
1197 2646 1327 2677 ibidem
1363 2647 1546 2688 proprium
1570 2648 1785 2689 episcopum,

293 2692 460 2717 veum-unt
487 2690 758 2717 Sarracenorum
777 2688 893 2717 decem
919 2688 1028 2718 millia
1059 2693 1287 2725 armatorum,
1315 2694 1353 2719 ut
1376 2701 1539 2720 monacos
1564 2690 1785 2730 perimentes,

292 2729 493 2758 habitacula
519 2740 634 2759 corum
659 2741 737 2759 vum
758 2729 911 2759 ecclesiis
937 2730 1124 2762 diruerent.
1142 2731 1420 2772 Propinquantes
1442 2735 1568 2767 autem,
1592 2743 1611 2761 a
1638 2736 1788 2772 quatuor

294 2772 363 2800 sere
383 2770 523 2800 milibus
549 2771 769 2811 conspiciunt
789 2776 899 2801 totum
915 2776 1069 2803 montem
1090 2773 1269 2803 ardentem
1285 2777 1318 2803 et
1339 2774 1541 2811 fumantem,
1558 2774 1787 2814 flammasque

295 2812 329 2842 in
351 2813 461 2842 celum
478 2812 559 2842 scrri
582 2812 619 2843 C.
640 2830 680 2836 —-
694 2813 719 2853 i)
740 2813 968 2843 cadeveribus
990 2814 1026 2843 A.
