1908 3256
598 347 715 372 mann
748 347 960 373 sncuxnus
1494 340 1542 376 07

47 440 261 483 fenestras,
285 450 363 488 que
384 438 501 488 prius
522 446 636 475 erant
657 445 798 488 aperte
811 435 835 483 s,
860 437 1114 484 claudebant,
1134 448 1171 477 et
1190 440 1266 477 alia
1282 440 1404 479 multa
1426 451 1542 479 erant

47 504 87 541 in
108 503 201 555 ipso
220 502 434 554 horologio
455 517 532 554 que
551 503 720 554 longum
739 510 777 540 et
798 516 905 540 nunc
929 516 1180 542 enumerare.
1218 505 1412 544 Preterea
1447 520 1543 544 can-

48 568 213 606 delabra
247 569 326 606 duo
366 568 571 606 oricalcha
609 568 708 605 mire
748 568 1041 619 magnitudinis
1083 578 1119 607 et
1149 572 1428 621 proceritatis:
1470 586 1547 623 que

50 634 184 672 omnia
201 633 333 685 Aquis
349 634 499 686 palatio
522 634 570 671 ad
588 633 875 684 imperatorem
898 633 1027 671 delata
1043 644 1150 673 sunt.
1182 635 1409 687 Imperator
1435 637 1547 687 lega-

51 707 134 737 tum
154 707 192 737 et
213 698 433 736 monachos
456 712 531 750 per
550 698 799 749 aliquantum
822 707 982 750 tempus
1003 713 1139 737 seeum
1162 702 1358 747 retinens,
1383 703 1422 739 in
1442 702 1517 739 alia
1533 708 1547 729 ’ἕ

54 764 167 810 abiit,
188 772 226 801 et
258 763 316 801 ibi
354 777 423 801 eos
462 772 622 815 tempus
656 763 929 815 navigationis
969 773 1182 816 expectare
1211 765 1350 817 jussit.
1394 766 1545 804 Eodem

53 843 157 867 anno
183 829 453 875 Burcardum,
477 829 662 881 comitem
683 828 831 866 stabuli
854 829 931 874 sui,
956 843 1044 867 cum
1066 830 1198 869 classe
1215 832 1323 870 misit
1342 832 1381 869 in
1404 832 1547 869 Corsi-

57 908 143 933 cam
166 903 209 933 ut
231 908 316 932 eam
339 894 530 932 aMauris
549 895 800 932 defenderet.
837 894 969 932 Mauri
1001 905 1148 943 autem,
1182 897 1301 935 solito
1339 911 1465 944 more,
1498 899 1546 935 de

56 962 257 1015 Hispania
297 963 471 1014 egressi,
509 962 642 1014 primo
675 961 903 999 Sardiniam
938 963 1101 1015 appulsi
1142 973 1249 1011 sunt,
1271 965 1422 1016 ibique,
1459 979 1546 1002 curn

60 1026 409 1066 Sardinensibus¹¹
430 1027 562 1079 prelio
599 1027 713 1073 inito,
736 1027 833 1065 victi
867 1036 962 1065 sunt
995 1037 1032 1066 et
1067 1029 1191 1066 occisi
1225 1030 1404 1081 quinque
1440 1030 1548 1067 milia

58 1093 309 1132 Maurorum.
329 1093 427 1131 Inde
450 1094 490 1131 in
514 1093 722 1131 Corsicam
740 1095 1092 1144 pervenerunt,ibi
1107 1109 1196 1132 cum
1218 1095 1428 1133 Burcardo
1452 1109 1547 1147 prc-

56 1159 203 1198 liantes
220 1159 317 1197 victi
340 1167 378 1197 et
399 1159 524 1211 fugati
545 1167 654 1205 sunt,
678 1159 841 1196 amissis
869 1160 1064 1197 tredecim
1098 1160 1283 1198 navibus.
1326 1160 1398 1198 Illo
1426 1174 1545 1206 anno,

55 1225 188 1263 Mauri
207 1225 247 1262 in
263 1224 452 1262 omnibus
474 1224 575 1262 locis
598 1225 771 1262 adversa
787 1225 948 1262 fortuna
962 1225 1179 1276 periclitati
1205 1233 1311 1272 sunt,
1334 1226 1437 1264 sicut
1468 1226 1547 1277 ipsi

54 1291 307 1328 testabantur
329 1303 375 1327 eo
399 1291 508 1341 quod
525 1303 629 1327 anno
651 1289 886 1341 superiore,
910 1298 1050 1327 contra
1084 1304 1242 1327 omnem
1260 1289 1473 1342 justitiam,
1498 1292 1546 1329 de

55 1355 276 1393 Patulariai
297 1355 431 1392 insula
450 1355 660 1406 sexaginta
680 1354 900 1392 monachos
926 1364 1156 1406 asportatos
1174 1356 1213 1393 in
1234 1355 1433 1407 Hispania
1452 1370 1545 1394 ven-

52 1421 258 1468 diderunt,
282 1421 350 1472 qui
366 1434 441 1472 per
456 1420 683 1458 libertatem
705 1420 842 1458 domni
868 1420 1126 1472 imperatoris
1152 1421 1288 1458 Karoli
1320 1422 1464 1459 iterum
1506 1422 1545 1459 in

52 1499 125 1523 sua
145 1485 233 1523 loca
253 1486 410 1523 reversi
427 1494 534 1523 sunt.
556 1485 697 1523 Niceta
714 1499 813 1523 vero
829 1485 1042 1536 patricius,
1061 1486 1129 1537 qui
1153 1499 1241 1523 cum
1265 1486 1394 1524 classe
1412 1486 1545 1524 Cons-

50 1552 415 1603 tantinopolitanea
434 1552 601 1589 sedebat
622 1551 663 1589 in
684 1551 868 1597 Venetia,
887 1564 986 1602 pace
1005 1552 1106 1589 sacta
1127 1565 1215 1589 cum
1233 1551 1381 1603 Pipino
1398 1565 1493 1603 rege
1510 1561 1547 1590 et

51 1617 229 1655 induciis
252 1631 383 1668 usque
406 1618 455 1654 ad
476 1630 658 1654 mensem
681 1625 898 1668 augustum
925 1617 1176 1663 constitutis,
1203 1617 1375 1655 statione
1400 1617 1544 1663 soluta,

53 1682 451 1734 Constantinopolim
470 1696 689 1734 regressus
715 1691 790 1720 est.
822 1682 873 1720 Et
892 1683 1066 1720 domnus
1088 1682 1312 1734 imperator
1330 1682 1548 1721 celebravit

51 1747 182 1799 Aquis
199 1747 380 1786 Natalem
398 1747 562 1786 Domini
583 1757 621 1786 et
643 1747 835 1785 Paschai.

105 1828 168 1865 20.
188 1849 240 1854 —
262 1825 358 1877 Ipso
379 1825 746 1877 tempore,hiemps
769 1825 1011 1863 mollissima
1033 1839 1077 1863 ac
1098 1825 1437 1877 pestilentissima
1458 1826 1545 1870 suit,

53 1899 91 1929 et
106 1904 202 1929 vere
220 1891 434 1929 inchoante
457 1891 681 1942 imperator
704 1890 1030 1943 Noviomagionk
1045 1892 1253 1942 profectus
1270 1899 1344 1937 est,
1363 1890 1429 1928 ubi
1447 1904 1547 1941 qua-

0 1955 1 1974 *
53 1956 323 2008 dragesimale
335 1955 534 2008 jejunium
551 1966 589 1994 et
605 1956 764 1994 Pascha
779 1956 1000 1994 celebravit
1013 1964 1052 1993 et
1072 1969 1289 2008 regressus
1306 1956 1383 1993 estl
1399 1955 1545 2007 Aquis.

54 2022 106 2060 Et
125 2022 219 2073 quia
245 2021 507 2060 nuntiabatur
543 2021 817 2067 Gotesridum‚
841 2035 979 2073 regem
1006 2021 1230 2066 Danorum,
1255 2021 1295 2058 in
1325 2020 1546 2059 Abodritos

53 2101 141 2125 cum
165 2087 346 2125 exercitu
365 2086 596 2139 trajecisse,
617 2087 810 2125 Carolum
851 2087 977 2125 filium
1019 2100 1136 2124 suum
1174 2087 1223 2124 ad
1258 2085 1415 2124 Albiam
1458 2099 1546 2123 curn

53 2152 186 2190 valida
207 2152 456 2190 Francorum
478 2161 516 2190 et
537 2153 741 2191 Saxonum
776 2166 895 2190 manu
930 2152 1054 2197 misit,
1086 2150 1236 2203 jubens
1275 2164 1426 2189 vesano
1460 2151 1547 2202 regi

54 2218 267 2265 resistere,
292 2218 326 2256 si
345 2218 521 2256 Saxonie
539 2219 738 2256 terminos
755 2218 925 2270 adgredi
947 2225 1179 2268 temptaret.
1206 2217 1286 2254 Sed
1322 2230 1392 2254 rex
1412 2215 1548 2253 Dano-

55 2297 162 2329 rum,
181 2284 426 2335 expugnatis
458 2284 624 2334 aliquod
664 2283 901 2321 Sclavorum
943 2282 1121 2320 castellis
1157 2290 1195 2320 et
1228 2282 1372 2332 captis,
1415 2281 1549 2318 audito

58 2349 233 2387 adventu
256 2349 521 2395 Francorum,
547 2362 636 2387 cum
670 2350 846 2400 dampno
883 2361 1075 2386 reversus
1112 2356 1186 2385 est.
1211 2346 1490 2384 Drosoconem
1507 2351 1546 2391 ¹¹¹,

63 2415 206 2452 ducem
224 2414 535 2459 Abodritorum‚
552 2412 634 2465 jam
650 2414 864 2465 pepulerat
883 2427 904 2451 a
920 2414 1011 2451 loco
1036 2421 1074 2451 et
1097 2412 1361 2450 Godelaibum
1375 2417 1405 2457 ¹¹,
1429 2411 1547 2448 alium

63 2480 225 2525 ducem,
245 2479 339 2517 dolo
362 2488 538 2531 captum,
560 2479 743 2530 patibulo
768 2479 1055 2530 suspenderat,
1081 2486 1119 2515 et
1148 2478 1247 2515 duas
1268 2485 1405 2528 partes
1437 2475 1548 2514 Abo-

61 2545 260 2583 dritorum
276 2545 354 2583 sibi
374 2544 596 2596 vectigales
619 2545 782 2592 fecerat,
819 2545 891 2582 sed
924 2544 1099 2596 optimos
1134 2542 1303 2580 militum
1325 2555 1489 2579 suorum
1512 2550 1549 2578 et

65 2623 184 2648 manu
203 2611 509 2662 promtissimos
549 2610 697 2658 amisit,
734 2619 773 2648 et
805 2618 993 2662 nepotem
1034 2623 1149 2647 suum
1192 2607 1447 2654 Rainaldum,
1480 2607 1547 2658 qui

103 2769 130 2809 f)
153 2780 172 2799 a
192 2773 293 2816 parte
313 2771 351 2805 A,
374 2770 413 2805 D,
436 2769 476 2801 G.
500 2786 540 2792 —-
561 2768 597 2809 g)
617 2768 755 2799 Italiam
777 2768 813 2800 F.
836 2786 877 2792 —
896 2768 931 2808 h)
955 2767 1201 2798 Saldiensibus
1223 2768 1259 2796 A.
1277 2784 1315 2789 -—
1335 2766 1358 2806 i)
1375 2766 1445 2796 Pal
1439 2765 1549 2795 itaria

66 2810 103 2847 F,
127 2811 167 2843 G.
185 2830 223 2834 —-
241 2811 316 2852 j)et
337 2794 510 2841 doninus..
519 2780 682 2840 .Pgascha
707 2810 802 2840 deest
821 2810 858 2845 E
885 2809 921 2845 F,
944 2808 984 2839 G.
1001 2826 1040 2832 —
1063 2809 1096 2847 k)
1118 2808 1371 2848 Noviomagum
1391 2808 1428 2841 D,
1452 2808 1487 2837 E.
1513 2825 1549 2829 —

61 2852 90 2893 1)
108 2863 166 2884 rev
171 2864 269 2884 ersus
284 2857 337 2883 est-
356 2853 396 2889 D,
418 2853 456 2889 E,
479 2852 516 2888 F,
551 2853 591 2884 G.
614 2869 654 2875 —-
675 2853 724 2892 m)
749 2852 945 2882 Droconom
966 2851 1002 2881 E.
1026 2867 1064 2874 -—-
1085 2850 1120 2889 n)
1147 2849 1375 2882 Godelaidum
1397 2850 1432 2879 E

1280 2946 1288 2962 Ι
