1908 3256
708 324 825 348 muniz
857 324 1031 350 ‘rssn‘rics
1532 323 1601 358 125

115 424 256 449 omnes
280 412 367 450 Deo
397 414 548 464 gratias
567 427 643 465 pro
664 415 837 451 adventu
855 413 1035 451 Lotharii
1067 416 1322 467 imperatoris
1348 425 1598 463 referebant.

115 479 204 517 Hoc
225 492 329 517 anno
349 480 388 517 id
410 488 471 517 est
488 493 718 518 ncccxxml
738 482 785 518 ab
805 481 1080 519 incarnatione
1109 483 1271 529 Domni,
1306 498 1394 526 ante
1437 492 1598 529 missam

113 545 240 582 sancti
261 544 459 583 Johannis
483 545 682 597 Baptiste‚
709 546 884 583 solstitio
910 547 1038 584 estivo
1061 556 1150 585 ante
1172 562 1194 585 v
1213 551 1314 594 dies,
1333 553 1371 590 in
1392 557 1597 595 territorio

111 610 474 661 Augustidunense
494 612 628 649 subito
649 619 822 648 mutatus
840 620 900 648 est
934 625 1000 648 aer
1044 621 1081 649 et
1121 627 1263 665 magna
1296 618 1517 669 fragmenta
1553 637 1599 660 ex

113 678 235 729 glatie
275 678 509 716 ceciderunt
551 679 599 716 de
648 679 840 721 nubibus,
875 687 912 716 et
955 681 1111 729 grando
1143 683 1354 725 terribilis,
1380 688 1600 737 fragmenta

113 743 236 795 glatie
262 752 376 781 erant
397 744 651 795 longitudine
679 756 746 789 xv,
771 743 981 781 latitudine
1013 757 1085 790 vu,
1117 749 1385 788 crassitudine
1427 754 1598 792 duorum

111 812 274 862 pedum.
301 810 518 849 Celebrato
541 820 671 864 autem
689 811 845 848 Pascha
863 811 1129 863 Aquisgrani,
1154 824 1339 854 venatum
1360 828 1420 856 est
1442 824 1598 871 prosec—

111 885 175 914 tus
198 876 508 928 Noviomagum,
529 886 567 914 et
580 877 735 928 legatos
753 876 1022 927 Bulgarorum
1047 879 1178 916 medio
1196 882 1298 918 maio
1314 882 1442 934 Aquis
1461 888 1598 926 venire

112 945 309 996 precepit,
347 944 566 996 habuitque
600 945 654 981 ibi
689 944 919 996 generalem
943 955 1198 984 conventum.
1224 948 1363 1000 Legati
1396 952 1597 1005 Bulgaro-

109 1022 198 1047 rum
217 1018 330 1048 erant
345 1011 393 1048 de
414 1010 600 1048 terminis
623 1010 921 1048 constituendis
962 1010 1067 1048 inter
1106 1026 1175 1049 eos
1219 1022 1257 1052 et
1298 1015 1491 1056 Francos.
1537 1020 1594 1058 lbi

107 1078 269 1116 fuerunt
289 1092 428 1116 omnes
451 1078 654 1130 primores
678 1078 887 1115 Britannie
911 1087 948 1115 et
978 1078 1266 1119 XViomarchus
1300 1086 1494 1134 perfidus,
1528 1089 1596 1139 qui

105 1151 228 1181 totam
248 1144 498 1182 Britanniam
521 1142 846 1195 perturbaveratj
871 1151 908 1181 et
942 1144 1009 1194 qui
1040 1144 1324 1196 imperatorem
1356 1151 1403 1186 ad
1429 1153 1595 1202 expedi-

105 1211 254 1249 tionem
275 1221 583 1263 provocaverat.
610 1211 683 1249 Cui
708 1225 796 1248 cum
815 1211 1037 1262 imperator
1058 1214 1293 1263 agnovisset
1309 1224 1346 1253 et
1360 1219 1593 1258 muneribus

105 1277 295 1314 donatum
317 1291 406 1315 cum
425 1277 676 1329 primoribus
700 1277 960 1322 absolvisset,
980 1277 1046 1314 ille
1067 1279 1310 1328 promissam
1332 1282 1448 1320 fidem
1482 1298 1593 1322 men-

104 1343 214 1381 titur.
239 1343 406 1382 Yicinos
426 1345 532 1382 enim
555 1358 651 1382 suos
672 1344 881 1387 Britones‚
914 1343 1054 1381 fideles
1082 1345 1354 1396 imperatoris,
1395 1350 1592 1389 incendiis

104 1417 142 1447 et
183 1409 547 1460 depredationibus
588 1409 819 1454 infestabat,
861 1409 989 1446 donec
1030 1410 1078 1446 ab
1119 1410 1348 1450 hominibus
1390 1414 1592 1456 Lamberti

105 1476 262 1514 comitis
286 1476 326 1513 in
349 1476 469 1514 domo
487 1476 656 1527 propria
678 1475 978 1513 circumventus
1002 1484 1039 1512 et
1060 1477 1218 1515 occisus
1252 1488 1326 1517 est.
1368 1481 1592 1534 Imperator

101 1555 199 1580 vero
222 1541 337 1593 regik
359 1542 631 1593 Bulgarorum
651 1555 726 1593 per
744 1541 898 1579 litteras
921 1543 1135 1592 respondit
1163 1557 1238 1594 per
1275 1545 1428 1597 legatos
1459 1549 1588 1600 ipsos,

101 1610 356 1661 dimissoque
378 1618 594 1656 conventu,
619 1610 659 1646 in
682 1609 927 1660 Vosegum¹,
952 1610 1000 1646 ad
1020 1609 1226 1648 Rumerici
1249 1622 1440 1661 montem,
1463 1630 1588 1655 vena-

97 1684 181 1713 tum
204 1676 413 1727 profectus
437 1684 512 1713 est.
535 1675 594 1713 lbi
617 1674 851 1712 Lotharium
873 1674 997 1712 filium
1022 1688 1137 1712 suum
1159 1689 1206 1713 cx
1232 1676 1343 1715 ltalia
1360 1681 1586 1720 venientem

99 1743 296 1794 suscepit,
321 1751 468 1794 etpost
487 1742 744 1781 venationem
765 1741 897 1792 Aquis
930 1755 1120 1780 reversus
1143 1752 1218 1781 est.
1241 1744 1315 1791 Ibi,
1340 1760 1478 1786 mense
1518 1763 1589 1787 au-

96 1819 232 1862 gusto,
261 1810 492 1862 generalem
515 1818 756 1848 conventum
778 1809 920 1846 tenuit.
947 1809 1005 1846 Ibi
1040 1811 1288 1849 adsueruntm
1309 1813 1482 1852 filiorum
1503 1815 1587 1854 Go-

97 1878 243 1916 desridi
265 1880 314 1916 de
336 1878 587 1916 Normannia
607 1878 729 1930 legati
750 1877 1004 1929 postulantes
1026 1891 1165 1928 pacem
1181 1910 1189 1925 ‚
1225 1882 1333 1931 quod
1364 1882 1585 1934 imperator

95 1947 249 1984 annuit.
282 1945 379 1984 Inde
403 1947 628 1999 imperator
649 1946 944 1997 Noviomagum
968 1946 1065 1983 abiit
1082 1961 1169 1984 cum
1192 1947 1342 1999 majore
1375 1950 1456 1988 filio
1495 1965 1582 1996 su0.

96 2022 135 2052 et
166 2015 364 2053 minorem
399 2014 648 2053 Ludovicum
683 2015 723 2052 in
755 2013 982 2066 Bajoariam
1023 2014 1184 2053 direxit.
1222 2015 1329 2067 Ipse,
1369 2019 1586 2056 autumnali

94 2082 307 2120 venatione
330 2083 543 2134 completa,
573 2082 716 2120 hiemis
751 2083 881 2128 initio,
904 2082 1035 2134 Aquis
1066 2097 1256 2122 reversus
1294 2093 1368 2123 est.
1399 2086 1510 2124 Tunc
1544 2087 1583 2125 in

92 2151 301 2188 territorio
324 2150 523 2197 Tullensi,
541 2150 580 2187 in
610 2150 705 2188 villa
727 2151 1047 2196 CommerciacQ
1072 2152 1206 2203 puella
1242 2166 1438 2191 annorum
1480 2155 1582 2191 duo-

91 2219 220 2256 decim
236 2218 276 2256 in
292 2219 690 2270 Pascha‚postquam
713 2219 869 2270 accepit
889 2219 938 2256 de
954 2232 1071 2256 manu
1084 2221 1315 2271 presbyteri
1337 2222 1564 2260 communio

90 2300 196 2334 nem,
220 2288 267 2325 ab
289 2287 398 2325 omni
412 2295 511 2338 potu
532 2295 570 2325 et
591 2287 680 2325 cibo
697 2285 894 2339 jejunavit
915 2301 1044 2339 usque
1076 2289 1311 2335 triannium,
1348 2303 1443 2327 sana
1476 2290 1580 2328 sicut

90 2355 165 2393 alie
187 2356 394 2402 mulieres,
416 2364 454 2393 et
475 2355 621 2393 deinde
643 2356 777 2407 coepit
813 2370 1065 2394 communem
1107 2357 1238 2395 cibum
1272 2358 1507 2396 desiderare
1543 2367 1581 2396 et

88 2437 262 2462 sumere.
289 2424 391 2462 Cum
408 2423 496 2475 regi
527 2423 798 2475 Bulgarorum
822 2425 919 2475 quid
944 2425 1103 2476 egerint
1133 2424 1253 2476 legati
1289 2425 1350 2463 sui
1386 2426 1577 2464 nuncias-

88 2501 192 2539 sent,
215 2492 360 2531 iterum
383 2505 473 2530 eum
495 2505 614 2543 quem
630 2492 762 2543 primo
785 2493 950 2531 miserat
969 2494 1018 2530 ad
1039 2493 1324 2544 imperatorem
1348 2508 1436 2531 cum
1465 2494 1574 2532 litte-

89 2559 146 2597 ris
167 2559 340 2606 remisit,
372 2572 522 2611 rogans
556 2567 613 2605 ut,
649 2559 735 2597 sine
770 2573 972 2598 morarum
1012 2560 1338 2611 interpositione,
1380 2561 1574 2598 terminos

85 2626 300 2674 difflueret,
322 2627 386 2667 vel
408 2627 442 2665 si
461 2627 537 2666 hoc
564 2640 645 2665 non
683 2626 878 2678 placeret,
914 2641 1011 2666 suos
1049 2628 1224 2679 quisque
1257 2628 1453 2666 terminos
1485 2628 1572 2666 sine

120 2769 146 2810 j)
168 2770 439 2801 conturbaverat
459 2770 497 2805 D,
520 2770 557 2803 E.
584 2769 622 2801 F.
644 2787 682 2792 —
713 2770 744 2806 k>
765 2770 908 2811 regibus
933 2770 972 2806 D,
1002 2770 1038 2806 E,
1064 2770 1098 2806 F,
1124 2769 1161 2802 G.
1178 2787 1215 2793 —
1230 2770 1254 2810 l)
1277 2770 1450 2809 'Vosagum
1476 2770 1511 2802 E.
1535 2770 1569 2806 F,

83 2810 168 2843 G.—
189 2812 233 2851 m)
256 2813 395 2843 suerunt
423 2812 461 2847 D,
486 2811 522 2846 Ε.
547 2811 581 2846 Ρ,
605 2811 644 2843 G.
