1908 3256
181 1715 216 1740 53

320 290 397 327 208
842 299 1029 325 ADEMAnt
1061 298 1300 324 cnnomcox

319 390 609 442 Andegavensi
647 398 684 427 et
707 389 746 426 in
787 390 911 426 fundo
951 389 1122 440 proprio
1159 401 1239 425 una
1272 401 1361 425 cum
1402 396 1530 425 matre
1563 402 1635 426 sua
1656 389 1827 426 nomine

320 456 474 494 Adala¹
500 455 855 501 christianissima,
881 468 982 506 quae
1005 454 1136 492 extitit
1173 467 1293 491 soror
1314 453 1482 491 Ricardi
1507 454 1673 491 comitis
1698 454 1827 492 Roto-

322 522 541 573 magensis.
570 522 612 559 In
640 521 788 572 quibus
829 520 1039 558 coenobiis
1077 519 1296 557 monachos
1332 519 1549 571 regulares
1589 520 1831 572 adgregavit

320 589 462 639 plures
486 601 670 634 numero,
697 587 765 638 qui
787 587 851 624 die
875 595 912 624 et
928 595 1045 625 nocte
1065 585 1242 623 Domino
1266 585 1408 623 laudes
1431 585 1723 636 persolverent
1743 599 1831 624 om-

322 655 544 706 nipotenti,
568 654 711 704 eisque
753 653 964 691 constituit
1000 653 1184 690 abbatem
1227 651 1575 689 ferventissimum
1614 652 1655 689 in
1685 660 1826 689 sancto

325 720 542 771 proposito
566 728 603 757 et
625 719 827 770 regularis
850 718 1092 768 disciplinae
1117 717 1383 755 fortissimam
1403 717 1645 764 columnam,
1666 717 1831 755 nomine

326 785 553 823 Tovlinum.
579 785 797 822 Multocies
826 783 1001 835 denique
1023 797 1098 835 per
1115 782 1375 834 Aquitaniam
1407 783 1593 821 nonnulli
1625 783 1830 835 primores

326 860 566 889 recusantes
589 850 806 901 imperium
830 848 932 901 ejuS‚
954 863 1095 887 omnes
1118 849 1283 887 edomiti
1322 857 1430 895 sunt,
1471 849 1648 887 castellis
1690 862 1829 887 eorum

328 918 493 954 sortiter
515 917 787 968 expugnando
810 915 954 967 captis.
981 915 1099 953 Unde
1122 929 1211 952 cum
1234 915 1448 952 obsideret
1478 923 1655 953 castrum
1678 914 1829 952 Bocca-

330 983 497 1027 mallim,
515 982 693 1020 vicinum
717 990 856 1019 sancto
877 980 1063 1027 carrofo,
1085 994 1221 1018 comes
1242 980 1353 1019 Boso
1370 994 1458 1018 cum
1475 980 1733 1018 multitudine
1752 994 1831 1032 pu-

330 1057 526 1100 gnantum
549 1048 865 1085 fortissimorum
887 1055 925 1084 et
953 1047 1179 1092 audacium,
1208 1055 1350 1084 contra
1380 1060 1471 1084 eum
1504 1046 1630 1084 aciem
1665 1045 1827 1083 direxit.

329 1115 425 1158 Ubi,
447 1114 666 1151 commisso
697 1113 856 1150 fortiter
883 1112 1006 1159 bello,
1031 1113 1111 1150 dux
1131 1112 1370 1150 willelmus
1404 1112 1537 1150 victor
1567 1112 1712 1158 extitit,
1742 1111 1830 1148 Deo

326 1180 361 1217 ei
382 1180 586 1217 tribuente
608 1178 781 1230 palmam
809 1178 1019 1216 victoriae.
1055 1178 1114 1215 Ibi
1152 1186 1294 1229 captus
1317 1187 1378 1216 est
1407 1192 1543 1216 comes
1563 1177 1688 1223 Boso,
1714 1185 1752 1215 et
1767 1177 1831 1214 di-

325 1254 460 1283 rectus
478 1245 656 1283 Pictavis
679 1244 770 1282 urbi
794 1245 868 1281 sub
892 1244 1090 1281 custodia.
1112 1243 1261 1281 Iterum
1278 1245 1373 1290 dux,
1402 1244 1576 1295 repetita
1596 1243 1829 1288 obsidione,

325 1321 503 1350 castrum
526 1312 566 1348 in
590 1311 797 1348 deditione
821 1310 1100 1361 supradictum
1125 1310 1296 1361 accepit,
1322 1318 1359 1347 et
1374 1310 1509 1347 victor
1530 1322 1722 1347 reversus
1750 1308 1830 1345 ini-

328 1379 474 1416 micum
495 1391 610 1415 suum
633 1377 819 1414 occidere
841 1376 986 1420 noluit,
1011 1376 1082 1412 sed
1114 1389 1212 1412 usus
1235 1376 1401 1427 pietate,
1424 1376 1610 1413 illaesum
1627 1389 1718 1412 eum
1741 1387 1829 1411 curn

327 1443 593 1481 sacramentis
616 1443 804 1480 absolvit.
840 1442 891 1480 Et
927 1441 998 1479 hac
1029 1442 1179 1493 pietate
1212 1455 1375 1492 semper
1414 1456 1514 1480 usus
1550 1450 1626 1487 est,
1663 1449 1705 1478 ut
1727 1453 1830 1491 quos

326 1510 458 1548 victor
473 1509 587 1547 vivos
611 1522 756 1560 capere
778 1507 923 1559 potuit,
941 1521 1023 1544 non
1046 1521 1114 1544 eos
1136 1507 1369 1544 interimere
1391 1507 1595 1559 permisit,
1620 1507 1692 1544 sed
1711 1519 1831 1557 erep-

328 1584 391 1613 tos
415 1589 435 1612 a
468 1583 597 1613 morte
619 1583 657 1612 et
686 1588 707 1611 a
740 1574 976 1612 multatione
1008 1575 1284 1611 membrorum
1320 1572 1545 1611 incolumes
1576 1571 1688 1609 abire
1710 1583 1831 1622 prae-

336 1641 457 1692 cepit.

384 1707 445 1744 Eo
486 1715 669 1758 tempore
708 1706 863 1743 infinita
902 1706 1118 1744 multitudo
1157 1705 1487 1743 Normannorum
1517 1718 1566 1742 ex
1605 1703 1832 1740 Danamar-

332 1773 405 1810 cha
435 1782 473 1810 et
506 1772 640 1810 Iresca
667 1772 852 1823 regione,
893 1786 982 1809 cum
1015 1772 1146 1809 classe
1181 1772 1394 1808 innumera
1422 1784 1531 1808 mare
1562 1776 1828 1807 transeuntes

330 1839 452 1876 armis
475 1839 740 1884 confidentes,
760 1838 1017 1875 multitudine
1041 1837 1165 1875 feroci
1191 1837 1369 1874 hostium
1392 1837 1638 1888 appulerunt
1666 1842 1831 1886 portum

329 1898 618 1950 Aquitanieum
634 1897 750 1949 juxta
770 1897 1031 1935 pictavorum
1055 1897 1268 1935 terminos.
1301 1896 1353 1933 Et
1375 1896 1481 1934 sicut
1501 1894 1657 1946 antiqui
1679 1907 1832 1946 paren-

330 1972 390 2001 tes
433 1977 571 2001 eorum
611 1963 759 2014 pagani
796 1962 1040 2013 Aquitanica
1094 1976 1189 2000 rura
1219 1962 1456 2014 depopulati
1490 1969 1600 2006 sunt,
1625 1961 1680 1998 ita
1703 1968 1742 1997 et
1763 1959 1831 1996 isti

329 2030 482 2067 mixtim
515 2029 755 2072 Christiani,
779 2028 932 2066 mixtim
954 2029 1102 2080 pagani
1131 2037 1298 2066 nostros
1320 2028 1451 2073 vicos,
1473 2027 1640 2065 castella
1673 2034 1711 2063 et
1732 2025 1834 2063 civi-

330 2105 430 2133 tates
455 2096 588 2134 conati
619 2104 712 2132 sunt
749 2094 920 2131 flammis
953 2096 1209 2135 comburere,
1251 2103 1289 2131 ct
1329 2094 1528 2145 populum
1566 2091 1833 2130 christianum

330 2167 438 2202 ferro
459 2162 721 2199 diverberare
744 2169 782 2198 et
803 2160 1023 2211 captivare,
1048 2169 1086 2197 et
1105 2160 1299 2197 ecclesias
1325 2159 1401 2197 Dei
1424 2168 1462 2197 et
1484 2157 1732 2196 monasteria
1757 2157 1829 2194 de-

333 2236 502 2266 sertare.
516 2228 645 2273 Tunc,
662 2229 817 2278 absque
840 2240 965 2271 mora,
984 2227 1064 2264 dux
1078 2226 1315 2263 XVillelmus
1328 2238 1600 2277 praesumens
1615 2225 1664 2262 de
1681 2222 1835 2262 Christi

334 2294 520 2339 victoria,
545 2293 758 2330 interritus
781 2305 856 2343 pro
878 2291 1006 2329 nihilo
1026 2305 1166 2329 eorum
1184 2304 1370 2343 magnam
1389 2291 1580 2329 virtutem
1610 2287 1832 2340 deputavit.

334 2360 628 2411 Mandavitque
652 2372 726 2410 per
747 2357 994 2395 monasteria
1023 2356 1266 2408 Aquitaniae
1288 2371 1309 2394 a
1328 2356 1484 2394 cunctis
1504 2353 1775 2407 cumjejuniis
1798 2361 1836 2390 et

337 2426 498 2463 letaniis
520 2425 686 2463 Domini
708 2423 1031 2461 misericordiam
1043 2423 1225 2474 pulsare,
1244 2423 1435 2474 quatinus
1445 2421 1638 2459 virtutem
1657 2418 1834 2457 hostium

346 2499 574 2528 contereret
597 2498 634 2527 ct
668 2502 784 2526 suum
811 2488 1007 2539 populum
1029 2487 1224 2525 victorem
1256 2496 1294 2525 et
1314 2486 1568 2538 superiorem
1590 2492 1832 2537 praestaret.

341 2556 458 2603 Quod
482 2564 519 2593 ct
545 2557 689 2592 sactum
717 2563 791 2591 cst.
815 2554 1158 2605 Congregatoque
1186 2553 1364 2604 plurimo
1392 2560 1430 2589 et
1452 2551 1676 2589 fortissimo
1701 2549 1835 2601 Aqui-

340 2621 473 2658 taniae
496 2621 675 2658 exercitu
698 2620 918 2657 electorum
946 2627 1235 2670 pugnatorum,
1254 2617 1369 2670 juxta
1393 2631 1463 2655 eos
1486 2624 1619 2654 castra
1631 2612 1841 2666 disposuit

343 2687 451 2724 circa
473 2700 584 2724 oram
603 2675 994 2733 maris,'in1minente
1007 2683 1090 2735 jam
1112 2693 1244 2722 noete.
1270 2683 1513 2722 Nortmanni
1534 2695 1632 2720 vero
1648 2682 1834 2719 videntes

374 2816 540 2846 l.E1u1na
556 2817 593 2846 A.
