1908 3256
657 337 775 362 LissER
807 336 960 362 PRIMUS
1501 332 1551 369 49

65 427 232 478 Illisque
259 427 366 464 inter
395 428 451 463 set
480 426 833 477 belligerantibus,
857 425 1133 464 Theodericus
1152 441 1222 466 rex
1241 442 1319 467 una
1342 444 1430 467 cum
1450 430 1554 468 Ber-

65 493 174 531 cario
197 490 346 543 majore
365 492 508 529 domus
530 499 644 542 terga
661 500 936 535 verterunt‚et
956 490 1129 542 Pipinus
1151 494 1282 531 victor
1304 496 1446 533 extitit.
1472 496 1555 534 De-

65 558 223 596 cedenti
244 566 426 609 tempore
443 557 660 594 Bercarius
677 559 725 594 ab
742 557 1020 595 adulatoribus
1041 559 1227 595 occisus¹¹
1254 568 1313 597 est
1336 560 1555 612 instigante

63 623 285 661 Ansesside.
312 622 412 660 Post
432 623 504 660 hec
523 622 694 673 pipinus·
719 622 972 660 Theoderico
1002 623 1088 674 regi
1112 625 1218 675 cepit
1241 638 1330 662 esse
1363 626 1401 662 in
1438 627 1555 677 prin-

66 688 195 740 cipale
217 688 414 740 regimine
441 686 568 739 major
601 688 744 724 domus
769 697 820 733 et,
854 687 1056 725 thesauris
1083 690 1275 740 acceptis,
1301 690 1557 728 Nordebcrto

67 755 115 792 de
138 754 222 791 suis
242 754 416 804 quodam
438 767 526 790 cum
549 766 644 804 rege
667 753 825 797 relicto,
849 753 937 804 ipse
958 753 997 790 in
1019 753 1185 791 Austria
1208 757 1414 793 remeavit.
1438 756 1557 793 Erat-

68 833 146 871 que
166 819 314 870 Pipino
347 819 525 870 principi
559 832 662 856 uxor
692 819 949 856 nobilissima
986 827 1024 856 et
1054 820 1358 870 sapientissima
1399 822 1559 859 nomine

68 885 317 929 plectrudis,
361 893 398 921 et
438 897 486 922 ex
525 883 614 934 ipsa
665 883 807 934 genuit
848 883 954 920 filios
1005 884 1125 921 duos.
1176 884 1335 923 Nomen
1376 885 1557 937 majoriS,

69 949 228 1001 Drogo,
258 962 407 986 nomen
424 947 602 999 junioris
623 946 873 993 Grhnaldus,
893 956 931 985 et
954 947 1097 1000 Drogo
1120 949 1309 987 ducatum
1341 950 1560 1002 Campanie

68 1015 237 1066 accepit.

124 1089 187 1125 48.
210 1109 261 1113 —
283 1084 394 1122 Obiit
412 1093 542 1123 autem
573 1085 851 1123 Theodericus
874 1098 945 1123 rex
980 1095 1198 1138 postquam
1239 1088 1425 1139 regnavit
1447 1088 1562 1125 annis

69 1164 206 1197 xvnn,
219 1160 256 1189 et
272 1151 520 1196 Clodoveus‚
538 1151 644 1188 filius
656 1149 757 1202 ejus,
771 1152 908 1189 sedem
930 1152 1108 1203 regalem
1125 1166 1227 1203 puer
1247 1154 1441 1204 suscepit,
1465 1167 1563 1205 pro-

69 1217 235 1270 genitus
251 1230 299 1254 ex
321 1217 463 1268 regina
479 1216 711 1254 Crochilde.
738 1216 820 1253 Nec
853 1217 977 1254 multo
996 1225 1091 1268 post
1125 1218 1214 1269 ipse
1239 1217 1471 1256 Clodoveus
1493 1232 1564 1256 rex

69 1296 174 1334 puer
189 1290 372 1320 mortuus
396 1291 471 1327 est,
490 1281 757 1333 regnavitque
783 1282 899 1318 annis
916 1287 929 1302 V
953 1294 996 1318 11.
1020 1282 1311 1319 Childebertus
1344 1284 1480 1328 frater,
1502 1284 1565 1320 vir

71 1348 250 1393 inclitus,
268 1348 309 1385 in
324 1361 453 1399 regno
471 1356 644 1385 statutus
667 1355 782 1384 estet
801 1347 1083 1385 Nordebertus
1102 1357 1285 1386 mortuus
1303 1357 1377 1386 est.
1399 1348 1449 1385 Et
1469 1348 1564 1386 Gri-

73 1413 228 1464 maldus
247 1418 276 1463 ¹,
299 1412 436 1464 Pipini
459 1413 660 1464 principis
679 1413 785 1450 filius
803 1411 958 1464 junior,
982 1413 1022 1450 in
1058 1414 1147 1451 aula
1183 1414 1294 1465 regis
1315 1414 1565 1452 Childeberti

75 1478 202 1530 major
223 1480 367 1517 domus
391 1479 558 1516 effectus
582 1486 657 1516 est.
683 1478 858 1530 Pipinus
878 1479 1001 1517 11111113
1018 1479 1124 1516 116113
1142 1480 1273 1531 gessit
1305 1489 1445 1518 contra
1466 1480 1566 1517 Rat-

75 1546 226 1582 bodum
245 1544 454 1596 gentilem,
478 1545 541 1581 vel
574 1544 785 1595 principes
817 1544 933 1590 alios,
955 1553 992 1582 et
1015 1553 1155 1582 contra
1178 1545 1350 1590 Suevos,
1369 1554 1406 1582 et
1432 1559 1566 1596 quam-

75 1610 272 1662 plurimas
286 1619 443 1661 gentes.
461 1610 511 1647 Et
535 1609 768 1647 Grimaldus
783 1610 923 1661 genuit
940 1610 1065 1647 filium
1085 1624 1132 1648 ex
1148 1611 1388 1657 concubina,
1407 1611 1568 1647 nomine

76 1676 422 1714 Theodobaldum.
451 1675 535 1713 Sub
561 1675 667 1712 idem
692 1684 852 1726 tempus
885 1676 1026 1727 Drogo
1054 1676 1160 1714 filius
1193 1676 1329 1728 Pipini
1357 1677 1568 1713 defunctus

76 1745 169 1786 est-t,
190 1740 441 1791 habebatque
461 1740 634 1791 Pipinus
652 1742 834 1792 prefatus
856 1741 1050 1793 princeps
1075 1755 1122 1778 ex
1158 1741 1236 1779 alia
1262 1755 1388 1779 uxore
1407 1741 1568 1779 nomine

77 1805 270 1857 Calpiade
282 1806 407 1843 filium
422 1805 628 1851 Carolum,
642 1806 775 1843 virum
793 1807 1034 1858 elegantem,
1053 1807 1263 1858 egregium
1279 1816 1397 1858 atque
1414 1807 1566 1844 utilem.

78 1870 190 1908 Tunc
212 1872 317 1908 bone
357 1871 550 1908 memorie
568 1871 776 1922 gloriosus
794 1885 866 1909 rex
883 1871 1171 1909 Childebertus
1190 1872 1379 1924 migravit
1412 1873 1461 1909 ad
1483 1872 1570 1909 Do-

77 1936 228 1974 minum
246 1945 285 1974 et
308 1937 494 1988 regnavit
516 1937 662 1974 annnis
692 1950 794 1983 xvu,
816 1946 854 1975 et
882 1938 1067 1989 sepultus
1087 1946 1148 1975 est
1167 1938 1391 1976 Cauciacoz
1407 1951 1570 1975 monas·-

76 2001 180 2038 terio
201 2001 241 2038 in
271 2001 441 2038 basilica
479 2001 616 2039 Sancti
652 2001 847 2053 Stephani
886 2002 1245 2053 prothomartyris.
1288 2002 1570 2053 Regnavitque

78 2065 340 2117 Dagobertus
361 2066 468 2103 filius
488 2065 574 2118 ejus
596 2080 672 2118 pro
693 2080 754 2104 eo.
778 2066 963 2104 Habebat
985 2067 1113 2118 igitur
1141 2066 1374 2104 Grimaldus
1405 2080 1571 2104 uxorem

78 2131 119 2168 in
138 2132 396 2169 matrimonio
414 2132 579 2170 nomine
598 2132 904 2178 Theotsindam,
922 2133 1043 2169 filiam
1066 2133 1223 2170 Rabodi
1243 2139 1271 2178 ²¹,
1291 2133 1405 2170 ducis
1439 2132 1573 2184 genti-

79 2195 146 2232 lis.
171 2195 351 2247 Eratque
373 2197 461 2248 ipse
481 2196 732 2243 Grimaldus,
754 2196 882 2249 major
904 2198 1063 2243 domus,
1081 2198 1190 2248 pius,
1216 2199 1438 2243 modestus,
1461 2210 1574 2234 man-

82 2270 221 2299 suetus
241 2271 279 2300 et
295 2260 448 2314 justus.
472 2262 532 2300 Eo
554 2271 739 2314 tempore
762 2262 1002 2314 egrotabath
1021 2263 1209 2314 Pipinus,
1233 2263 1396 2314 genitor
1414 2261 1516 2313 ejus,
1538 2270 1575 2298 et

83 2328 177 2364 dum
217 2328 267 2364 ad
307 2341 397 2365 eum
448 2327 696 2365 visitandum
736 2328 995 2373 accessisset,
1037 2341 1109 2365 nec
1153 2341 1265 2365 mora
1315 2328 1355 2364 in
1410 2326 1577 2364 basilica

87 2392 224 2431 Sancti
237 2393 443 2431 Lamberti
457 2394 648 2445 martyris
659 2394 838 2432 Leudico
850 2403 1087 2446 peremptus
1101 2403 1162 2431 est
1175 2407 1195 2431 a
1206 2393 1399 2445 Ratgario
1409 2392 1574 2444 gentile,

86 2458 170 2496 filio
184 2458 328 2496 Belial.
353 2459 621 2497 Teotbaldum
642 2473 755 2506 vero,
774 2458 943 2511 jubente
962 2473 1051 2506 avo,
1069 2459 1110 2497 in
1129 2460 1217 2497 aula
1235 2459 1345 2510 regis
1364 2459 1404 2495 in
1426 2458 1579 2495 honore

86 2525 216 2576 patris
239 2525 334 2562 sede
354 2525 517 2562 sublimi
537 2533 730 2563 statuunt.

145 2599 207 2635 49.
231 2620 283 2625 —
301 2596 362 2634 Eo
383 2605 583 2649 tempore,
602 2597 776 2648 Pipinus
792 2597 938 2640 brevis
958 2597 1254 2655 supradictus,
1274 2605 1397 2653 pater
1412 2596 1579 2654 Drogo-

132 2756 158 2796 t)
179 2755 309 2786 incerte
323 2757 361 2792 A,
384 2755 424 2788 G.
448 2775 486 2779 -
507 2756 542 2796 u)
564 2756 717 2787 occisum
739 2761 791 2787 est
810 2758 848 2787 A.
871 2774 911 2780 —
949 2757 984 2796 v)
1005 2767 1113 2787 annos
1129 2758 1166 2786 A.
1184 2774 1221 2779 --
1243 2758 1275 2795 x)
1297 2755 1518 2787 Grimoaldus
1540 2754 1577 2784 D.

93 2815 133 2821 —
152 2798 187 2838 y)
202 2801 360 2828 mortuus
381 2801 435 2827 est
454 2798 492 2833 F,
509 2798 549 2829 G.
577 2815 617 2822 --
649 2798 680 2838 z)
715 2797 874 2829 Calciaco
896 2798 933 2834 F,
955 2798 996 2830 G.
1036 2816 1075 2822 —
1114 2800 1145 2838 a)
1172 2797 1319 2828 Ratbodi
1341 2797 1378 2832 E,
1401 2796 1438 2830 F,
1467 2796 1506 2827 G.
1543 2813 1580 2818 --

94 2839 130 2880 b)
156 2839 330 2879 egrotavit
354 2839 391 2874 F,
413 2839 453 2871 G.

1347 2929 1366 2957 4
