1908 3256
277 294 328 331 80
800 304 985 328 ADEMAM
1016 303 1256 329 CHRONICON

279 395 408 432 tinere
431 402 467 432 et
490 394 651 446 navigia
671 408 746 446 per
767 394 943 432 medium
978 392 1143 431 fluvium
1176 394 1333 438 venire,
1355 402 1514 432 terrore
1551 393 1651 431 adeo
1677 407 1778 445 per-

279 460 426 505 territi,
456 459 765 510 dereliquerunt
801 459 890 496 loca
925 457 1161 495 firmissima
1196 467 1235 496 et
1271 459 1476 510 sugerunt.
1518 457 1571 496 Et
1610 457 1778 497 Christo

280 526 451 563 ducente
474 525 671 576 populum
693 531 849 570 suum²‚
874 531 1047 575 uterque
1081 524 1284 561 exercitus
1317 525 1506 575 pervenit
1536 525 1584 561 ad
1613 523 1779 562 fluvium

282 590 409 636 Raba,
442 598 838 642 prostraveruntque
861 589 1020 627 Avaros
1036 588 1374 627 innumerabilem
1399 589 1717 634 multitudinem,
1742 598 1782 627 et

280 656 438 694 reversi
460 664 554 694 sunt
570 669 618 693 ex
639 664 809 707 utraque
832 655 923 706 ripa
945 655 994 692 ad
1008 656 1194 706 propria,
1218 655 1524 707 magnificantes
1545 655 1680 693 Deum
1702 668 1779 707 pro

280 730 390 760 tanta
402 721 589 759 victoria.
610 720 662 759 Et
682 721 905 759 celebravit
920 721 1095 758 domnus
1113 720 1288 759 Karolus
1305 720 1487 758 Natalem
1504 728 1542 758 et
1566 720 1780 758 Paschain

283 787 596 839 Ragenesburg.
624 786 683 824 Ibi
710 786 841 824 tenuit
875 786 1079 823 sinodum.
1123 784 1183 823 Ibi
1219 786 1487 824 condemnata
1523 794 1585 824 est
1620 785 1781 824 heresis

285 852 478 891 Feliciani
499 866 588 890 cum
611 852 850 890 auctoritate
868 851 1040 889 Adriani
1055 864 1175 904 pape.
1198 851 1354 889 Eodem
1377 864 1483 889 anno
1513 851 1669 890 nullum
1702 851 1782 889 iter

283 917 543 956 exercitabile
556 923 569 939 ³
588 918 696 965 fecit,
716 918 788 955 sed
814 918 908 955 fecit
925 925 1092 970 pontem
1124 929 1250 969 super
1273 917 1438 969 navigia
1454 916 1621 955 flumina
1640 925 1781 955 trans-

285 992 460 1029 euntem,
484 983 675 1021 anchoris
697 992 736 1021 et
766 983 932 1021 funibus
953 983 1008 1020 ita
1049 981 1308 1020 coherentem
1340 991 1382 1020 ut
1397 981 1517 1034 jungi
1538 990 1578 1020 et
1604 982 1778 1020 dissolvi

284 1048 466 1102 possetb.
490 1048 550 1087 lbi
566 1048 749 1087 Natalem
768 1057 806 1087 et
828 1048 989 1086 Pascha
1004 1048 1226 1086 celebravit
1251 1048 1343 1100 ipso
1363 1062 1483 1086 anno.

338 1117 401 1153 12.
421 1137 473 1142 —
487 1113 606 1152 Anno
630 1114 819 1165 sequenti
839 1114 1012 1151 domnus
1029 1127 1102 1151 rex
1125 1112 1300 1151 Karolus
1324 1114 1372 1151 de
1389 1114 1692 1166 Ragenesburg
1706 1114 1785 1152 iter

287 1181 379 1218 fecit
399 1180 563 1232 navigio
586 1192 718 1231 usque
735 1181 785 1217 ad
808 1180 1003 1217 fossatum
1026 1192 1216 1230 magnum
1231 1179 1340 1217 inter
1354 1179 1634 1217 Alamanniam
1654 1189 1693 1218 et
1704 1180 1788 1218 Ra-

288 1246 543 1284 damantiam.
567 1245 627 1283 Ibi
651 1259 739 1283 cum
763 1245 1002 1283 muneribus
1025 1245 1185 1296 magnis
1208 1245 1323 1282 missi
1338 1245 1570 1296 Apostolici
1584 1254 1787 1285 venerunt

288 1313 336 1350 ad
358 1325 463 1349 eum.
486 1311 547 1349 Ibi
562 1312 796 1349 nunciatum
820 1320 881 1349 est
904 1312 940 1349 ei
963 1311 1145 1349 Saxones
1161 1312 1307 1349 iterum
1329 1311 1570 1349 rebellasse.
1595 1311 1694 1350 Inde
1714 1325 1790 1363 per

290 1377 595 1416 Radamantiam
617 1377 748 1415 navali
776 1377 922 1415 itinere
942 1377 1039 1414 abiit
1061 1377 1101 1414 in
1123 1376 1265 1414 Mohin
1291 1385 1329 1414 et
1344 1376 1526 1415 Natalem
1567 1377 1791 1415 celebravit

290 1445 339 1481 ad
362 1444 554 1481 Sanctum
572 1442 805 1481 Chilianum
820 1444 861 1481 in
873 1443 1174 1494 Wirtinburge,
1188 1451 1227 1481 et
1243 1442 1401 1480 Pascha
1414 1443 1456 1480 in
1473 1442 1789 1491 Franconofurt,

290 1509 359 1548 ubi
381 1517 630 1561 congregata
648 1517 711 1547 est
726 1510 897 1547 sinodus
923 1523 1068 1560 magna
1095 1509 1386 1560 episcoporum
1415 1507 1654 1556 Galliarum,
1684 1508 1790 1547 Ger-

291 1589 517 1620 manorum,
539 1575 732 1613 Italorum
755 1576 795 1613 in
816 1575 1025 1626 presentia
1053 1574 1155 1626 ejus.
1182 1574 1242 1612 Ibi
1277 1576 1441 1612 fuerunt
1479 1574 1595 1612 missi
1620 1574 1792 1612 Adriani

290 1654 395 1693 pape
417 1640 718 1678 Theofilactusd
733 1649 771 1679 et
793 1640 1024 1692 Stephanus
1041 1640 1241 1692 episcopi.
1267 1639 1326 1677 Ibi
1347 1640 1476 1677 tercio
1498 1640 1794 1678 damnaverunt

291 1706 467 1745 heresim
491 1706 755 1753 Felieianam,
781 1720 899 1758 quam
922 1706 1221 1744 damnationem
1238 1719 1313 1757 per
1330 1706 1611 1743 auctoritatem
1628 1714 1792 1744 sancto-

292 1786 380 1811 rum
397 1772 589 1809 Patrume
611 1773 651 1809 in
674 1772 780 1810 libro
804 1772 1157 1824 conscripserunt,
1181 1785 1300 1823 quem
1321 1772 1470 1809 librum
1492 1785 1634 1809 omnes
1657 1785 1791 1810 sacer-

294 1838 410 1876 dotes
431 1837 616 1889 propriis
644 1838 831 1875 manibus
867 1838 1168 1875 subscribendo
1201 1838 1559 1874 confirmaverunt.
1596 1836 1656 1874 Ibi
1690 1837 1793 1875 obiit

295 1904 491 1942 Fasti-ada
505 1904 649 1955 regina
671 1912 710 1942 et
727 1904 834 1954 apud
857 1903 1049 1942 Sanctum
1071 1903 1274 1941 Albanum
1300 1903 1461 1954 sepulta
1488 1911 1564 1941 est.
1603 1903 1792 1942 Pseudo-

295 1970 478 2021 synodus
495 1968 737 2014 Grecorum,
751 1983 868 2020 quam
887 1970 988 2007 falso
1003 1969 1215 2020 septimam
1229 1970 1425 2007 vocabant
1437 1982 1514 2020 pro
1526 1969 1791 2021 imaginibus,

295 2033 445 2086 rejecta
461 2042 522 2072 est
542 2034 856 2085 apontificibus.
874 2034 971 2071 Inde
993 2042 1127 2072 motus
1155 2042 1217 2071 est
1258 2034 1462 2072 exercitus
1501 2034 1543 2071 in
1578 2033 1794 2072 Saxoniam

294 2114 369 2152 per
390 2100 489 2137 duas
510 2108 684 2137 turmas:
707 2100 747 2136 in
770 2113 847 2138 una
870 2100 942 2137 fuit
964 2100 1138 2137 domnus
1160 2099 1486 2151 glorississimus
1507 2113 1580 2137 rex
1601 2099 1794 2145 Koa-olus,

296 2167 335 2204 in
355 2165 480 2204 altera
500 2165 613 2202 misit
631 2164 822 2203 Carolum
844 2165 970 2202 filium
993 2178 1109 2202 suum
1136 2178 1212 2216 per
1248 2164 1474 2203 Coloniam.
1512 2165 1694 2203 Saxones
1728 2179 1794 2203 au·

295 2240 376 2269 tem
398 2230 637 2282 congregati
658 2239 986 2282 preparaverunt
1001 2244 1043 2268 se
1065 2231 1116 2268 ad
1152 2230 1303 2269 bellum
1343 2231 1384 2268 in
1415 2244 1558 2282 campo
1595 2230 1790 2269 Sinitselt.

299 2297 380 2336 Sed
403 2310 491 2335 cum
513 2297 777 2334 audissentse
800 2310 847 2334 ex
863 2297 1018 2334 duabus
1030 2296 1216 2347 partibus
1235 2309 1327 2334 esse
1344 2297 1795 2344 circumdatos,timore

297 2362 423 2414 pleni,
448 2362 728 2413 promiserunt
744 2375 786 2400 se
803 2375 893 2399 esse
917 2361 1175 2399 Christianos
1198 2370 1236 2399 et
1256 2362 1397 2400 fideles
1425 2362 1575 2400 domno
1597 2362 1686 2414 regi
1713 2361 1796 2400 Ka-

300 2428 405 2473 rolo,
424 2436 461 2465 et
483 2441 556 2465 rex
577 2427 626 2465 ad
647 2427 840 2479 palatium
859 2427 990 2478 Aquis
1012 2427 1149 2473 rediit,
1183 2427 1322 2479 ibique
1364 2427 1545 2466 Natalem
1567 2435 1606 2466 et
1638 2427 1797 2466 Pascha

299 2493 536 2538 celebravit,
573 2492 792 2543 habuitque
816 2493 1010 2544 placitum
1043 2506 1159 2530 suum
1196 2493 1245 2530 ad
1281 2493 1414 2531 locum
1449 2491 1720 2540 Cussistains,
1754 2493 1795 2530 in

300 2558 746 2610 suburbiossMagentie
769 2558 898 2596 urbis.
925 2558 1106 2596 Saxones
1128 2571 1227 2597 vero
1261 2559 1445 2597 fecerunt
1477 2559 1639 2597 irritum
1670 2558 1794 2611 placir

340 2730 556 2771 z)populum
577 2740 678 2760 suum
703 2729 797 2759 deest
818 2729 855 2764 E,
872 2729 909 2764 F,
932 2729 973 2761 G.
989 2746 1028 2753 —-
1050 2729 1085 2769 a)
1113 2729 1334 2760 exercitalem
1355 2730 1392 2764 A,
1415 2729 1454 2764 D,
1490 2728 1526 2759 Ε.
1557 2745 1598 2752 -
1622 2728 1660 2769 b)
1686 2732 1794 2770 potu-

298 2770 1197 2854 isssefft>GP2135ss”silssss't‘essb‘e‘gffs‘f‘cffatfinGE
1199 2772 1314 2847 'Ffflde
1326 2770 1733 2854 Ἒθξζιέῗὲἓῖὴῖῗέίὲ]
1748 2770 1792 2843 ἕ
