1908 3256
656 334 774 360 mmm
805 335 979 360 ‘marius
1488 329 1555 364 161

127 423 358 466 38.—Per
378 423 484 463 haec
504 431 704 479 tempora
721 424 1074 483 Ermengaudus,
1089 442 1235 468 comes
1254 427 1556 486 Irgeldensis¹,

71 502 170 551 post
187 494 391 551 copiosos
408 494 659 550 triumphos
672 494 724 535 dc
742 495 906 536 Mauris
924 504 963 536 ct
978 497 1249 547 Sarracenis,
1268 498 1434 554 praelio
1452 498 1559 539 inito
1677 514 1742 541 loos

70 564 243 615 ultimo,
276 565 646 606 innumerabilem
688 574 880 625 stragem
917 568 1260 608 Sarracenorum
1308 569 1557 625 perficiens,

72 635 176 678 dum
198 636 338 677 victor
361 635 645 695 regreditur&
672 636 803 677 alium
828 637 1069 678 exercitum
1104 638 1355 680 Maurorum
1377 639 1562 680 offendit

71 707 342 749 venientem.
381 709 521 761 Quem
556 724 654 748 cum
694 708 845 764 paucis
886 724 1063 749 suorum
1105 709 1230 750 lassis
1271 726 1559 768 pci·sequcnS‚

76 779 240 820 multos
264 794 416 819 eorum
439 777 618 829 occidit,
650 787 692 819 et
728 778 822 835 ipse
845 778 1021 819 cecidit.
1045 779 1186 836 Caput
1208 781 1302 836 ejus
1332 780 1562 823 Sarraceni

79 866 161 907 pro
184 866 344 910 magno
365 850 574 891 thesauro
604 865 750 890 secum
770 859 1121 906 asportaverunt.
1149 852 1275 904 Quod
1312 853 1563 894 aromatiza-

75 930 168 963 tum
191 937 269 962 rex
290 937 440 962 eorum
470 937 575 962 auro
599 921 828 978 cooperuit
851 931 892 963 et
916 938 1063 963 secum
1087 922 1129 963 in
1175 923 1355 980 praeliis
1391 940 1564 981 semper

75 992 244 1034 ferebat
266 1009 395 1034 causa
412 992 638 1034 victoriae.

132 1072 205 1116 39.
230 1072 482 1112 —Interea
505 1087 699 1112 summae
730 1071 1040 1129 philosophiae
1074 1074 1208 1114 abhas
1246 1074 1394 1116 Sancti
1429 1076 1564 1116 Bene-

74 1143 181 1185 dicti
203 1142 500 1185 Floriacensis
523 1159 655 1199 super
678 1143 872 1203 Ligerim
901 1144 1002 1193 loci,
1028 1145 1205 1187 nominc
1228 1146 1371 1197 Abho,
1390 1149 1566 1190 XVasco-

71 1215 189 1257 niam
212 1220 295 1256 iter
318 1214 499 1265 faciens,
525 1231 604 1271 per
632 1215 933 1274 Engolismam
958 1216 1194 1267 transiens,
1222 1234 1370 1259 mense
1394 1235 1566 1259 novem-

69 1287 138 1328 bri
160 1286 205 1328 in
228 1286 497 1328 monasterio
520 1286 637 1327 beati
660 1287 869 1343 Eparchii
899 1288 1147 1345 hospitatus
1179 1298 1259 1330 est.
1285 1290 1566 1347 Yeniensque

69 1359 123 1401 ad
141 1360 351 1401 Sanctum
373 1359 554 1399 Petrum
577 1358 906 1418 Regulatensis2
925 1360 1154 1410 ecclesiae,
1175 1377 1284 1417 quae
1307 1371 1372 1402 est
1392 1378 1567 1418 posses-

71 1430 136 1472 sio
156 1430 309 1472 Sancti
332 1430 853 1472 BenedictiFrancorum
884 1432 1103 1483 coenobii,
1135 1432 1196 1473 ibi
1232 1433 1422 1474 tumultu
1445 1435 1567 1476 XYas—

69 1518 228 1544 conum
252 1502 423 1543 occisus
447 1511 536 1553 est;
562 1502 624 1543 ibi
641 1502 855 1559 sepultus,
884 1503 1105 1544 miraculis
1129 1504 1372 1546 clarescere
1401 1504 1564 1562 eoepit.
1609 1514 1684 1547 1004,
1701 1514 1820 1543 13112v.

69 1573 203 1633 Virga
227 1574 320 1630 ejus
344 1573 577 1630 pastoralis
601 1574 783 1615 remissa
807 1583 871 1615 est
894 1575 1133 1615 Frantiam.
1157 1576 1425 1622 Bernardus,
1444 1578 1568 1620 XVas-

72 1645 225 1686 eoniae
284 1645 386 1691 dux,
446 1661 598 1686 necem
651 1645 761 1686 tanti
813 1646 895 1686 viri
954 1646 1006 1687 (le
1068 1646 1428 1688 interfectoribus
1475 1649 1568 1703 ejus

71 1716 245 1774 punivit
264 1750 272 1766 ,
322 1716 430 1757 alios
507 1716 772 1773 suspendio,
841 1717 950 1758 alios
1015 1717 1200 1759 flammis
1253 1719 1432 1760 tradens
1451 1753 1460 1768 ‚
1528 1728 1570 1759 et

72 1803 248 1829 omnem
290 1787 409 1828 illam
448 1787 776 1844 possessionem
813 1788 1190 1848 Regulatensen1⁵‚
1229 1806 1338 1847 quae
1386 1799 1485 1831 ante
1527 1790 1570 1831 in

71 1858 149 1900 lite
185 1858 488 1900 invadentium
523 1868 631 1909 erat,
665 1859 758 1900 sine
800 1859 876 1901 lite
923 1859 1084 1901 dehinc
1126 1861 1352 1901 monachis
1390 1861 1570 1902 Francis

74 1930 225 1972 Sancti
249 1929 481 1972 Benedicti
504 1930 673 1987 paravit
688 1930 1013 1972 vindicandam.
1039 1933 1134 1973 Rex
1163 1941 1307 1973 autem
1330 1933 1571 1974 Rotbertus

69 2018 152 2060 pro
175 2001 383 2043 defuneto
412 2001 634 2044 ordinavit
656 2003 859 2043 abbatem
884 2004 1172 2054 Gauzlenum,
1211 2003 1315 2045 licet
1356 2020 1570 2061 repugna—

71 2082 172 2115 rent
206 2073 427 2124 monachi‚
461 2073 663 2115 nolentes
706 2073 791 2114 sibi
838 2090 1043 2130 praeesse
1087 2074 1225 2116 filium
1267 2075 1417 2116 scorti.
1468 2076 1572 2116 Erat

72 2144 192 2186 enim
215 2144 311 2201 ipse
331 2143 600 2185 nobilissimi
622 2145 894 2185 Francorum
924 2145 1159 2202 principis³
1188 2145 1303 2186 filius
1333 2161 1524 2196 manzer,
1549 2161 1570 2186 a

73 2231 213 2272 puero
233 2215 278 2257 in
302 2216 571 2257 monasterio
596 2217 746 2258 Sancti
769 2217 1001 2259 Benedicti
1031 2217 1238 2259 nutritus.
1277 2219 1416 2270 Quem
1439 2217 1568 2258 etiam

74 2303 151 2329 rex
173 2304 305 2345 supra
328 2289 519 2346 scriptus
542 2289 931 2347 arehiepiscopum
952 2289 1306 2330 Bituricensibus
1329 2288 1432 2330 fecit
1454 2298 1568 2346 post-

78 2374 126 2399 ea
158 2368 259 2416 post
282 2369 470 2401 mortem
503 2361 715 2403 Dacberti
743 2360 1103 2418 archiepiscopi&
1131 2360 1218 2401 Sed
1252 2369 1293 2400 et
1328 2360 1410 2416 ipsi
1440 2360 1569 2416 quin-

115 2490 145 2529 r)
172 2489 352 2530 egreditur
368 2490 408 2522 Α.
426 2508 467 2513 -
483 2490 512 2532 s)
532 2501 610 2521 cum
633 2492 779 2522 ecclesia
801 2493 911 2523 sancti
933 2493 1022 2523 Petri
1045 2493 1125 2523 add.
1143 2492 1179 2523 C.

114 2668 144 2699 1.
167 2668 288 2710 Urgel,
311 2680 352 2700 en
373 2669 575 2711 Catalogne.

113 2711 143 2742 2.
169 2711 216 2740 La
243 2711 345 2742 Reole
371 2712 559 2753 (Gironde).

114 2752 142 2782 3.
166 2752 309 2793 Hugues
330 2753 448 2794 Capet.

112 2793 142 2823 4.
167 2794 328 2830 Gauzlin,
345 2795 400 2824 fils
418 2795 555 2825 nature]
571 2795 747 2836 d’Hugucs
772 2796 880 2837 Capet
899 2801 932 2827 et
952 2797 1040 2827 abbe¹¹
1055 2798 1095 2827 de
1111 2797 1568 2832 Saint-Benoit-sur-Loire,

80 2835 131 2865 sut
151 2836 371 2877 archeveque
392 2837 433 2867 de
454 2837 610 2878 Bourges
626 2837 667 2868 de
683 2838 763 2867 1014
786 2839 911 2868 ἑι1029.
939 2839 965 2868 ll
988 2839 1163 2869 succe-duit
1183 2841 1202 2868 a
1223 2839 1409 2879 Dagobcrt.

1369 2923 1404 2952 11
