1908 3256
701 329 816 353 Lim-:n
849 329 1022 352 'ri-:n‘rics
1538 326 1603 361 127

106 414 288 465 generali
310 423 511 452 conventu
539 416 628 466 ipse
645 425 757 453 trans
788 416 946 453 Renum
987 417 1033 453 ad
1075 418 1207 454 villam
1250 420 1360 456 Salz³
1401 426 1603 471 pst-›sectus

108 487 182 517 est.
209 479 268 517 Ibi
289 481 457 518 veniunt
479 481 527 517 ad
545 495 635 518 eum
653 482 1155 533 Neapolitanorumvlcgati
1173 497 1274 533 quos
1298 486 1376 522 cito
1414 487 1600 525 absolvit.

109 543 168 581 Ibi
190 545 423 582 nunciatum
440 554 501 583 est
524 546 559 583 ei
582 547 630 584 de
661 547 833 598 perfidia
860 547 1044 591 Aizonis,
1087 549 1289 597 quomodo
1332 551 1606 590 fraudulenter

105 607 334 646 Ausonam¹
355 610 588 661 ingressus,
616 619 653 648 et
672 625 693 648 a
708 612 862 662 populo
887 611 954 648 illo
978 625 1096 661 quem
1113 612 1206 649 dolo
1224 614 1439 664 decepi-rat
1460 629 1603 667 rcccp-

105 683 186 718 tus,
205 674 348 712 Rotam
372 675 573 713 civitatem
597 677 814 719 destruxit,
840 686 878 714 et
909 677 1072 713 castella
1102 676 1281 727 ejusdcm
1318 680 1498 729 regionis
1537 684 1604 718 lir-

107 740 235 777 miora
257 741 508 787 comminuit,
534 742 786 793 missumque
823 742 1013 779 auxilium
1053 751 1191 779 contra
1233 743 1410 781 Francos
1452 759 1471 781 a
1511 760 1604 794 rege

108 805 440 851 Sarracenorum,
474 806 773 853 Abderraman,
816 807 999 858 accipere
1040 808 1334 858 presumpsitu.
1383 796 1605 860 Imperator

108 870 182 908 hoc
205 872 390 909 nuntium
413 864 593 924 graviter
615 873 722 917 tulit,
745 873 816 910 sed
833 871 1021 923 judicans
1045 872 1166 909 nichil
1198 873 1424 911 inconsulte
1465 889 1605 925 geren-

108 937 216 983 dum,
241 938 504 975 consiliarios
527 952 625 976 suos
649 939 889 989 expectavit.
916 938 1015 975 Post
1037 938 1304 975 autumnalem
1329 939 1453 989 igitur
1484 954 1604 977 vcna-

107 1002 272 1047 tionem,
296 1017 373 1054 per
395 1004 587 1041 Moenum
611 1004 776 1041 fluvium
800 1017 929 1054 usque
963 1004 1011 1039 ad
1030 1003 1366 1040 Frunconosurdv
1406 1017 1603 1055 prospere

108 1068 328 1119 navigavit.
352 1069 403 1106 Et
424 1070 594 1106 veniens
618 1071 667 1107 ad
688 1069 936 1121 lngeleneim
980 1069 1110 1105 medio
1138 1068 1337 1109 octobrio,
1376 1070 1604 1119 generalem

107 1143 352 1173 conventum
375 1135 514 1173 habuit
535 1136 639 1173 sicut
662 1144 747 1173 erat
769 1135 998 1172 conditum.
1025 1134 1082 1171 lbi
1114 1134 1381 1184 Ceadragum,
1423 1134 1604 1172 Abodri-

107 1208 241 1237 torum
264 1201 422 1245 ducem,
450 1209 487 1238 et
509 1200 700 1238 Gloinum
719 1201 786 1251 qui
804 1202 851 1238 de
885 1200 1052 1251 perfidia
1089 1200 1395 1239 accusabantur.
1438 1200 1601 1237 audivit.

111 1265 319 1312 Gloinum,
356 1274 604 1317 acceptoque
626 1266 709 1303 filio
733 1265 819 1317 ejus
843 1266 1000 1310 obside,
1036 1266 1197 1302 domum
1234 1264 1367 1301 redire
1404 1265 1601 1314 permisit.

109 1331 364 1383 Ceadragum
385 1345 498 1377 vero,
527 1333 674 1370 ceteris
696 1332 909 1369 Abodritis
933 1331 1130 1375 dimissis,
1151 1343 1286 1367 secum
1306 1330 1485 1367 retinuit.
1502 1330 1603 1367 Mis-

109 1395 251 1447 sisque
272 1397 322 1433 ad
342 1397 539 1448 populum
564 1396 859 1435 Abodritorum
882 1397 1043 1448 legatis,
1069 1396 1102 1432 si
1126 1409 1214 1432 eum
1238 1394 1314 1431 sibi
1336 1394 1483 1445 vulgus
1509 1409 1604 1445 reg-

110 1474 206 1498 nare
224 1461 361 1508 vellet,
385 1463 627 1513 perquirere
646 1461 809 1513 jussit¹.
839 1462 930 1513 lpse
961 1470 1093 1499 autem
1128 1460 1256 1511 Aquis
1280 1460 1328 1496 ad
1351 1459 1603 1497 hiemandum

110 1528 320 1577 profectus
343 1536 417 1565 est.
445 1528 544 1565 Cum
562 1528 698 1579 legati,
724 1541 827 1578 quos
850 1527 1098 1565 Abodritesy
1133 1526 1312 1568 miserat,
1342 1525 1603 1562 nunciassent

108 1592 260 1629 variam
281 1594 528 1631 sentenciam
551 1594 686 1645 gentis
711 1607 835 1645 super
851 1607 988 1645 regem
1011 1606 1126 1630 suum
1150 1590 1385 1628 melioribus
1405 1598 1534 1627 tamen
1559 1604 1601 1627 ac

107 1658 454 1709 prestantioribus
478 1660 710 1711 quibusque
733 1660 781 1697 de
805 1673 851 1697 eo
874 1658 1218 1697 concordantibus
1254 1655 1446 1706 acceptis,
1471 1657 1517 1693 ab
1557 1670 1603 1693 eo

109 1737 212 1776 quos
231 1724 448 1776 imperavit
470 1725 687 1763 obsidibus
709 1738 838 1777 regno
861 1738 935 1763 suo
959 1738 1047 1761 eum
1070 1722 1261 1761 restituit.

165 1804 228 1840 19.
248 1826 300 1830 —
329 1802 429 1840 Cum
467 1802 540 1840 hec
580 1811 770 1854 aguntur,
792 1802 1049 1845 Aliduinusz,
1094 1802 1216 1838 abbas
1252 1799 1385 1836 Sancti
1421 1798 1601 1849 Dionyii,

110 1867 279 1905 Romam
302 1868 483 1913 mittens,
523 1868 754 1919 impetravit
784 1869 832 1905 ab
870 1867 1056 1919 Eugenio
1076 1879 1178 1918 papa
1213 1865 1261 1902 de
1293 1865 1456 1902 ossibus
1477 1865 1604 1902 sancti

111 1932 338 1971 Sebastiani
358 1933 552 1978 martiris,
578 1942 615 1971 et
637 1947 682 1971 ea
703 1933 915 1971 collocavit
938 1932 1149 1970 Suesionis
1177 1931 1351 1975 civitate,
1371 1929 1409 1966 in
1439 1930 1605 1968 basilica

110 1998 248 2036 Sancti
266 1998 468 2046 Medardi,
493 1999 561 2036 ubi
583 2000 678 2037 dum
699 1999 875 2036 inumata
896 1999 936 2036 in
959 1998 1092 2035 loculo
1122 2009 1238 2034 secus
1265 1995 1388 2032 altare
1405 1993 1603 2045 jacerent,

108 2071 218 2100 tanta
233 2064 423 2115 prodigia
442 2064 675 2102 claruerunt
698 2073 737 2102 et
751 2065 929 2102 omnium
952 2076 1103 2115 genera
1122 2060 1281 2099 sanitati
1313 2068 1419 2105 sunt,
1441 2068 1483 2097 ut
1502 2059 1604 2096 mul-

109 2127 238 2165 titudo
261 2141 401 2166 eorum
424 2142 445 2166 a
463 2129 623 2167 nemine
647 2130 780 2181 possit
801 2130 961 2168 referri.
986 2128 1037 2166 Et
1059 2129 1229 2180 quedam
1246 2133 1359 2163 erant
1383 2124 1603 2176 stupendaa

108 2193 225 2230 valde
247 2193 365 2244 signa
386 2202 428 2231 ut
442 2194 562 2231 fidem
585 2194 891 2233 incredulorum
929 2195 1186 2239 excederent,
1211 2191 1289 2230 nisi
1307 2197 1458 2227 eertum
1496 2197 1604 2226 esset

109 2257 328 2296 Dominum
348 2258 424 2296 hoc
444 2259 533 2296 fieri
549 2258 578 2301 ὓ,
603 2273 679 2311 pro
705 2259 821 2312 cujus
844 2273 980 2298 amore
1011 2259 1116 2297 beati
1140 2258 1324 2296 martires
1361 2255 1471 2307 passi
1493 2263 1600 2299 sunt,

109 2323 264 2375 quippe
287 2324 349 2362 cui
368 2324 501 2362 omnis
521 2333 706 2362 creatura
728 2325 891 2363 celestis
913 2334 949 2363 et
971 2324 1179 2363 terrestris
1203 2322 1383 2373 subjecta
1396 2329 1469 2359 est.
1490 2320 1599 2358 Tunc

109 2387 331 2439 imperator
371 2389 481 2427 misit
515 2389 700 2427 Elisacar
740 2392 925 2428 abbatem
967 2399 1004 2428 et
1025 2404 1113 2428 cum
1154 2404 1200 2427 eo
1228 2387 1531 2426 Aldebrandum
1565 2393 1602 2422 et

109 2453 312 2492 Donatum
335 2455 503 2492 comites
521 2456 570 2492 ad
594 2455 774 2493 Marcam
795 2456 993 2507 Hispanie
1017 2456 1350 2506 componendam.
1376 2455 1602 2506 Antequam

107 2531 206 2557 vero
227 2519 284 2557 illi
307 2520 597 2558 convenissent
613 2525 640 2566 ⁰,
666 2520 769 2558 Aizo
794 2535 883 2559 cum
908 2521 1145 2559 Sarracenis
1170 2521 1291 2558 multa
1325 2521 1427 2558 mala
1466 2527 1602 2557 custo-

111 2583 231 2622 dibus
253 2586 301 2623 de
317 2585 482 2624 Marcha
504 2585 598 2623 fecit
621 2594 658 2623 et
687 2586 728 2623 in
750 2594 905 2625 tantum
929 2600 998 2624 eos
1029 2586 1210 2637 fatigavit
1233 2585 1539 2624 incursionibus
1562 2591 1603 2620 ut

153 2726 181 2766 s)
212 2727 290 2757 Sale
330 2727 366 2761 E.
407 2727 444 2759 G.
473 2726 588 2757 Salem
609 2726 644 2758 F.
688 2745 726 2749 —
756 2727 782 2767 t)
803 2727 994 2758 Ausoniam
1027 2727 1060 2761 F.
1085 2726 1126 2757 G.
1166 2743 1202 2749 —
1242 2727 1276 2765 u)
1315 2725 1466 2766 supersit
1500 2726 1536 2755 Α.
1564 2742 1603 2747 -

111 2769 143 2806 v')
169 2768 403 2799 i‹'ranconofur
424 2769 458 2803 F,
482 2770 526 2799 ti.
547 2787 584 2791 —
602 2774 633 2798 xl
649 2767 750 2808 jubet
774 2769 811 2800 E.
833 2787 872 2792 —
893 2770 926 2809 y)
960 2768 1124 2799 Abodrite
1144 2768 1178 2801 F,
1203 2767 1242 2798 G.
1270 2785 1310 2790 —
1341 2775 1368 2804 z)
1393 2766 1547 2797 Ildninus
1566 2767 1600 2800 13,

112 2810 146 2845 F,
170 2810 209 2841 G.
251 2829 289 2832 —
322 2821 356 2849 a)
373 2811 560 2851 stupendia
583 2812 621 2841 A.
647 2828 686 2833 —
707 2811 741 2850 h)
770 2811 883 2841 facere
910 2811 946 2845 Ε,
970 2810 1004 2845 F,
1027 2810 1066 2841 G.
1090 2828 1127 2833 --
1148 2810 1178 2850 c)
1195 2809 1371 2840 venissent
1388 2809 1421 2841 1³.
1445 2810 1483 2838 (ἰ.
