1908 3256
264 291 337 324 *118
783 301 969 326 Ani-:nani
1001 301 1242 325 CHRONICON

260 390 550 428 Carniolenses
573 391 641 441 qui
665 390 773 427 circa
788 391 923 427 Savun
946 390 1111 427 fluvium
1135 390 1316 428 habitant
1337 399 1375 428 et
1397 389 1757 442 Forojuliensibus

259 456 439 507 contigui
457 463 566 499 sunt,
591 455 782 493 Baldrico
806 469 847 493 se
871 456 1154 493 dediderunty.
1181 455 1377 493 Similiter
1396 457 1578 494 fecerunt
1601 455 1757 494 Caran-

256 531 466 560 toncnses.
493 521 567 558 His
588 522 732 559 diebus
755 522 975 559 constituta
998 530 1059 559 est
1072 535 1151 572 pax
1171 522 1278 559 inter
1292 522 1581 573 imperatorem
1601 530 1640 560 et
1658 521 1757 559 Am-

257 588 366 633 bula‚
385 600 523 639 regem
547 587 759 638 Hispanie‚
785 587 856 624 sed
884 600 976 624 mox
998 596 1117 638 rupta
1138 595 1214 632 est,
1238 586 1470 638 bellumque
1492 595 1636 625 contra
1660 587 1758 624 Sar-

258 666 427 690 racenos
451 661 686 703 susceptum
703 660 778 689 est.
806 651 850 689 In
872 652 1011 690 Italico
1035 652 1150 699 mari,
1175 660 1266 690 octo
1288 665 1411 690 naves
1451 652 1755 704 negotiatorum

258 732 279 756 a
299 719 443 769 piratis
467 726 595 768 capte,
620 726 658 755 et
680 718 728 755 de
747 717 996 755 Normannia
1016 718 1212 755 tredecim
1232 717 1403 769 piratice
1425 730 1548 755 naves
1568 730 1754 769 egresse,

256 783 644 822 afflandransibusz
673 784 806 834 fugate
848 791 956 829 sunt,
982 796 1059 834 que
1088 783 1129 820 in
1151 782 1398 834 Aquitanico
1437 782 1574 821 littore
1606 783 1757 820 irrum-

256 858 400 900 pentes
424 862 513 885 cum
535 848 690 899 ingenti
715 849 844 899 preda
871 848 1028 886 reversi
1052 857 1161 887 sunt.
1187 848 1275 886 Hoc
1297 862 1402 886 anno
1436 856 1608 899 propter
1633 847 1756 900 juges

255 914 415 967 pluvias
439 922 477 951 et
498 927 630 951 aerem
652 913 776 951 nimio
799 913 968 951 humore
991 913 1184 959 solutum,
1222 913 1457 964 pestilentia
1478 913 1685 951 hominum
1719 922 1758 952 et

250 980 528 1033 jumentorum
551 988 738 1031 grassata
760 988 822 1017 est
842 980 1079 1031 prevalida3
1106 981 1308 1017 frumenta
1322 988 1361 1017 et
1381 979 1589 1031 legumina
1610 979 1756 1016 imbri-

256 1049 332 1084 bus
355 1054 549 1096 corrupta
567 1046 746 1083 assiduis
781 1045 920 1097 colligi
943 1059 1025 1083 non
1047 1054 1251 1097 poterant,
1289 1054 1327 1083 et
1348 1045 1518 1083 collecta
1538 1053 1756 1096 putresce-

255 1114 364 1150 bant.
390 1112 537 1149 Vinum
559 1120 653 1149 tunc
677 1124 819 1162 parum
843 1111 916 1148 suit
931 1119 970 1148 et
990 1111 1124 1162 ipsum
1153 1112 1358 1149 acerbum.
1396 1110 1457 1148 De
1486 1111 1753 1160 inundatione

256 1178 493 1216 ssuminum²
526 1177 580 1214 ita
613 1186 829 1214 autumnus
868 1177 1090 1228 impeditus
1120 1186 1182 1214 est
1210 1185 1252 1215 ut
1299 1176 1423 1214 nichil
1458 1185 1548 1214 ante
1585 1189 1755 1214 vernum

257 1245 541 1282 seminaretur.
567 1243 682 1280 Luna
704 1243 851 1281 defecit
872 1255 947 1279 vm
979 1243 1173 1280 kalendas
1208 1243 1453 1289 decembris,
1489 1242 1589 1280 hora
1621 1243 1755 1281 noctis

256 1311 448 1348 secunda.
487 1309 728 1360 Imperator,
757 1316 852 1360 post
884 1317 1129 1346 conventum
1152 1308 1193 1346 in
1216 1308 1424 1346 Carisiaco
1446 1316 1593 1355 actum,
1623 1307 1754 1360 Aquis

255 1389 447 1414 reversus
482 1383 557 1420 est,
583 1383 621 1412 et
642 1375 697 1411 ibi
732 1382 976 1412 conventum
1011 1374 1140 1412 tenuit
1161 1387 1300 1411 mense
1335 1373 1554 1420 febroario,
1585 1373 1685 1411 etin
1707 1387 1754 1412 eo

253 1441 441 1479 tractavit
473 1441 522 1478 de
550 1439 657 1477 bello
692 1439 979 1477 Liudewitico.
1026 1439 1128 1476 Tres
1166 1439 1368 1477 exercitus
1409 1438 1651 1477 ordinantur
1685 1438 1755 1490 qui

255 1509 388 1545 futura
419 1514 545 1544 estate
585 1519 708 1557 agros
742 1503 1026 1556 perfidorumh
1055 1513 1278 1543 vastarent.
1316 1504 1514 1542 Similiter
1541 1505 1590 1542 de
1617 1504 1756 1542 Marca

256 1572 454 1624 Hispanie
482 1571 763 1617 constitutum,
798 1579 836 1608 et
873 1570 1018 1608 iterum
1053 1579 1278 1609 conventus
1300 1583 1438 1608 mense
1469 1570 1573 1608 maio
1595 1569 1751 1608 Novio-

255 1638 361 1689 magi
406 1637 620 1675 mandatus
661 1645 737 1683 est,
781 1644 818 1673 et
867 1635 1035 1673 comites
1052 1642 1063 1657 ⁰
1100 1636 1169 1687 qui
1205 1635 1288 1673 illic
1320 1636 1508 1674 venirent
1540 1635 1751 1674 nominati.

256 1705 356 1742 Post
378 1702 560 1741 Paschad
586 1711 717 1740 autem
739 1703 962 1754 imperator
977 1715 1052 1754 per
1072 1702 1231 1740 Mosam
1253 1702 1619 1754 navigavit‚ibique
1634 1702 1751 1740 annis

255 1770 540 1822 superioribus
564 1769 826 1806 constitutam
843 1769 950 1806 inter
964 1768 1070 1806 filios
1086 1781 1183 1806 suos
1202 1769 1320 1820 regni
1332 1768 1601 1820 particionem
1616 1781 1754 1805 recen-

256 1837 350 1882 suit,
375 1845 413 1874 et
428 1834 672 1887 juramentis
697 1835 935 1886 optimatum
956 1835 1196 1872 confirmare
1219 1834 1325 1872 fecit.
1370 1834 1428 1872 lbi
1444 1833 1627 1885 suscepit
1645 1834 1752 1886 lega-

254 1910 317 1939 tos
341 1901 553 1939 Paschalis
585 1913 705 1952 pape,
731 1900 897 1938 Petrum
928 1900 1169 1951 episcopum
1193 1899 1499 1947 centumcellis,
1517 1907 1556 1937 et
1574 1899 1751 1937 Leonem

253 1966 629 2004 nomenculatorem
646 1973 684 2003 et
706 1978 775 2002 eos
800 1964 990 2002 celeriter
1017 1964 1207 2009 absolvit,
1233 1964 1402 2002 comites
1419 1963 1489 2015 qui
1510 1963 1679 2001 aderant
1702 1963 1751 2001 ad

253 2031 555 2083 expeditionem
570 2030 846 2068 Pannonicam
863 2030 1097 2075 destinavit,
1109 2038 1149 2067 et
1162 2030 1250 2081 ipse
1264 2028 1472 2081 paululum
1485 2028 1540 2066 ibi
1553 2036 1749 2075 moratuS‚

252 2096 504 2148 Aquisgrani
526 2109 720 2134 reversus
744 2104 821 2140 est,
843 2104 880 2133 et
894 2103 990 2146 post
1009 2108 1164 2146 paucos
1187 2095 1274 2132 dies
1295 2108 1371 2146 per
1387 2093 1652 2132 Arduennam
1673 2094 1751 2132 iter

251 2163 419 2208 faciens,
445 2162 637 2199 Treveris
660 2170 698 2199 et
725 2161 848 2199 Metis
869 2161 996 2206 venit,
1030 2160 1124 2198 inde
1149 2160 1358 2198 Rumerici
1380 2159 1589 2198 castellum
1616 2159 1748 2211 petiit,

251 2237 290 2266 et
310 2228 512 2279 reliquum
525 2227 723 2265 aestivum
738 2236 775 2265 et
793 2226 1005 2264 dimidium
1028 2234 1258 2264 autumnam
1270 2231 1282 2247 ⁰
1294 2226 1335 2264 in
1350 2225 1566 2264 venatione
1583 2224 1749 2277 Vosego

253 2295 359 2332 fecit.

306 2363 339 2398 7.
363 2382 415 2388 —
437 2359 596 2397 interea
621 2359 773 2405 Borna,
798 2359 878 2396 dux
893 2358 1093 2397 Dalmatie
1129 2367 1167 2396 et
1188 2357 1401 2405 Liburnie,
1426 2358 1642 2396 defunctus
1670 2365 1747 2403 est,

249 2426 527 2477 etimperator
557 2434 746 2476 nepotem
778 2425 887 2462 illius
923 2424 1189 2462 Ladasclaum
1221 2422 1467 2462 constituits.
1506 2422 1748 2462 Nunciatum

250 2499 312 2528 est
327 2491 362 2528 ei
383 2492 431 2528 de
457 2500 586 2529 morte
609 2491 759 2529 Leonis
782 2491 1043 2542 imperatoris
1067 2490 1162 2542 quia
1189 2490 1283 2527 dolo
1305 2490 1543 2541 optimatum
1581 2500 1748 2527 suorum

248 2565 286 2594 et
307 2557 502 2608 precipue
524 2556 736 2593 Michaelis
749 2563 765 2588 g
787 2555 945 2593 comitis
965 2555 1006 2593 in
1021 2555 1171 2606 palatio
1188 2555 1240 2592 sit
1258 2555 1420 2592 occisus
1437 2563 1476 2592 et
1491 2553 1640 2592 milites
1656 2566 1748 2605 pre·
1783 2602 1786 2605 ι

286 2687 320 2727 ))
350 2687 518 2716 dederunt
539 2687 576 2721 D,
601 2686 637 2721 F,
655 2686 694 2717 G.
718 2704 756 2709 —-
777 2687 808 2726 z)
838 2685 1096 2717 Flandansibus
1126 2685 1162 2720 F,
1186 2685 1283 2717 G.—-
1301 2685 1335 2724 a)
1358 2684 1561 2726 pluviarum
1582 2684 1618 2719 F,
1642 2683 1684 2715 G.
1705 2701 1746 2706 —

247 2729 282 2768 b)
302 2729 516 2769 perfidorum
536 2729 630 2757 deest
645 2728 680 2761 F,
698 2728 782 2760 8.-
803 2728 833 2768 c)
857 2732 890 2757 et
921 2727 1063 2757 comites
1094 2728 1186 2757 deest
1208 2728 1245 2761 D.
1265 2728 1300 2762 E,
1326 2726 1362 2761 F,
1385 2726 1426 2758 G.
1451 2745 1491 2750 —
1506 2727 1539 2766 d)
1563 2737 1677 2766 pauca
1704 2725 1743 2761 D,

247 2771 282 2804 E,
309 2770 341 2803 Ε,
359 2771 399 2802 G.
433 2788 471 2792 —-
507 2771 537 2809 e)
553 2775 759 2800 autumnum
784 2770 820 2804 Ε,
844 2770 880 2804 F,
904 2770 943 2801 G.
986 2787 1024 2791 —-
1061 2770 1083 2808 f)
1116 2780 1179 2809 pro
1207 2780 1245 2799 eo
1279 2768 1461 2799 constituit
1494 2768 1532 2803 D,
1567 2768 1602 2803 F,
1640 2767 1681 2800 G.
1706 2785 1743 2789 —

249 2816 283 2852 g)
305 2815 402 2842 Deest
429 2813 547 2853 depuis
575 2812 616 2842 de
631 2816 740 2842 morte
774 2811 908 2852 jusqu'd
930 2810 1109 2841 Michaelis
1134 2811 1172 2841 D.
