1908 3256
670 338 785 363 Lmen
820 338 972 363 mimus
1513 330 1557 365 21

68 429 196 483 patris
219 428 295 474 sui,
317 427 516 479 sagaciter
530 427 690 479 recipit.
714 427 945 465 Clodoveus
960 435 1089 464 autem
1104 426 1415 466 Theodericum.
1438 429 1559 466 filium

71 508 202 542 suum,
221 506 297 546 per
314 492 551 530 Albiensem
574 500 611 530 et
630 491 830 530 Rothenis
872 492 1073 530 civitatem
1091 493 1139 530 ad
1152 492 1381 530 Arvernum
1404 493 1557 545 dirigit.

72 561 150 610 Qui
164 572 359 612 pergens,
385 571 525 596 omnes
548 559 671 596 urbes
694 558 783 596 illas
818 571 838 595 a
858 558 1006 595 finibus
1042 557 1268 596 Gothorum
1306 572 1434 609 usque
1454 558 1560 596 Bur-

70 626 264 680 gundiam
283 623 530 676 subjugavit,
555 631 592 661 et
610 624 650 661 in
670 631 913 676 potestatem
937 623 1066 675 patris
1089 624 1150 661 sui
1172 624 1365 661 restituit.
1397 624 1560 676 Regna-

71 693 129 731 vit
146 691 272 744 igitur
289 690 476 728 Alaricus
500 690 616 727 annis
638 689 729 726 Xll.
756 689 989 727 Clodoveus
1009 702 1172 740 quoque
1185 689 1481 740 Burdegalensi
1503 691 1561 728 ci-

70 758 183 796 vitati
204 765 287 796 tota
299 756 442 808 hyeme
464 755 617 793 resedit
635 771 643 801 ;
667 754 883 793 thesauros
904 768 1002 793 vero
1022 755 1223 807 plurimos
1260 754 1427 801 Alarici,
1451 756 1561 807 regis

72 823 314 870 Gothorum,
339 823 388 860 de
400 821 579 859 Tholosa
596 821 762 858 abstulit
780 827 808 858 x.
830 821 1064 872 Omnesque
1083 822 1206 858 urbes
1225 820 1314 858 illas
1340 821 1559 872 accipiens,

73 903 162 928 cum
177 889 226 928 ad
249 888 501 941 Egolismam
525 883 727 925 civitatem
748 887 921 934 veniret,
945 895 1094 925 tantam
1117 887 1152 924 ei
1172 887 1371 924 Dominus
1391 887 1559 939 gratiam

71 955 241 994 contulit
261 963 303 993 ut
321 955 361 992 in
375 953 460 1006 ejus
477 954 651 991 adventu
667 953 770 991 muri
791 961 1046 991 corruerent.
1067 952 1319 991 Interfectisy
1333 951 1478 990 Gothis
1495 954 1561 1004 qui

72 1022 224 1060 ibidem
252 1029 380 1067 erant,
401 1021 530 1072 ipsam
552 1020 693 1057 urbem
716 1019 1001 1071 adprehendit,
1027 1032 1268 1070 omnemque
1288 1027 1434 1056 terram
1455 1019 1561 1057 illam

76 1093 324 1147 subjugavit.
349 1087 397 1128 In
422 1086 516 1144 ipsa
539 1085 735 1127 civitate¹
752 1101 1013 1127 consecrare
1029 1084 1188 1127 secitin
1211 1085 1468 1142 episcopatu
1489 1101 1562 1126 ve-

71 1159 314 1203 nerabilem
330 1158 470 1200 virum
487 1157 766 1215 Aptonium²²
783 1158 1058 1215 capellanum
1071 1174 1211 1208 suum,
1227 1156 1408 1214 expulso
1420 1157 1562 1213 primo

74 1232 284 1289 episcopo
305 1230 478 1272 arriano
517 1230 763 1276 Gothorum
799 1229 851 1271 de
885 1229 1036 1271 eadem
1069 1229 1287 1270 civitate³.
1326 1228 1376 1265 Et
1409 1236 1487 1265 tam
1522 1229 1560 1265 in

70 1305 160 1357 ipsa
181 1303 392 1355 Egolisma
407 1314 525 1353 quam
541 1301 582 1339 in
599 1301 842 1339 Sanctonico
854 1301 918 1338 vel
935 1300 1165 1352 Burdegala
1182 1300 1361 1337 Francos
1378 1300 1561 1352 precepit

77 1382 241 1408 manere
266 1369 314 1406 ad
335 1366 561 1405 Gothorum
584 1375 745 1419 gentem
779 1367 1005 1405 delendam.
1033 1366 1192 1403 Deinde
1221 1365 1398 1404 Turonis
1422 1366 1562 1403 civita-

70 1444 149 1474 tem
172 1447 380 1480 reversus,
405 1432 527 1470 multa
546 1446 712 1470 munera
730 1432 899 1470 basilice
915 1432 1021 1470 beati
1040 1431 1204 1469 Martini
1223 1431 1380 1469 tribuit.
1401 1431 1560 1482 Equum

68 1515 182 1549 vero,
208 1514 327 1552 quem
357 1509 472 1538 antea
493 1501 541 1538 ad
558 1500 688 1551 ipsam
717 1499 930 1537 ecclesiam
951 1498 1250 1545 transmiserat,
1275 1497 1561 1535 matriculariis

67 1568 149 1605 illis
168 1567 272 1605 datis
289 1574 447 1604 eentum
465 1565 610 1604 solidis
634 1579 675 1603 se
699 1565 803 1603 velle
823 1565 1006 1616 recipere
1030 1564 1246 1601 mandavit.
1262 1562 1419 1611 Quibus
1439 1564 1559 1608 datis,

67 1646 194 1685 equus
211 1633 278 1670 ille
297 1632 525 1670 nullatenus
539 1645 582 1669 se
598 1631 723 1669 movit
740 1646 748 1677 ;
771 1644 942 1681 cumque
959 1630 1059 1667 alios
1075 1637 1234 1667 centum
1252 1628 1408 1666 solidos
1422 1629 1562 1666 dedis-

69 1707 173 1745 sent,
208 1698 342 1736 statim
372 1698 461 1750 ipse
492 1711 620 1750 equus
653 1697 810 1734 solutus
845 1696 957 1734 abiit.
989 1695 1101 1733 Tunc
1121 1708 1210 1732 cum
1230 1694 1364 1732 leticia
1382 1708 1452 1732 rex
1474 1695 1557 1732 ait:

70 1781 87 1801 «
111 1764 216 1803 Vere
234 1765 375 1802 beatus
390 1764 591 1802 Martinus
606 1765 737 1801 bonus
761 1770 821 1800 est
841 1762 882 1799 in
904 1761 1053 1799 auxilio
1082 1769 1120 1799 et
1140 1774 1255 1798 carus
1279 1761 1319 1797 in
1335 1761 1514 1812 negotio.
1542 1776 1558 1794 n

68 1830 131 1869 Ab
163 1830 381 1868 Anastasio
411 1830 656 1882 imperatore
688 1828 909 1867 codicellos
939 1828 1094 1879 accepit
1135 1826 1367 1864 Clodoveus
1389 1840 1460 1863 rex
1485 1840 1561 1877 pro

70 1895 296 1934 consulatu.
318 1895 474 1933 Tunica
494 1895 642 1932 blattea
658 1893 672 1915 ¹¹
690 1895 856 1932 indutus
876 1907 961 1937 rex,
988 1893 1028 1930 in
1049 1892 1216 1930 basilica
1242 1892 1348 1929 beati
1380 1891 1559 1935 Martini,

70 1975 221 2000 corona
238 1975 358 2000 aurea
383 1961 504 2013 capiti
532 1975 605 1999 suo
619 1966 630 1982 ⁰
643 1961 849 2013 imposita,
869 1972 1039 1997 ascenso
1059 1972 1178 2010 equo,
1203 1971 1342 1996 aurum
1359 1965 1396 1995 et
1414 1970 1561 2009 argen-

68 2035 151 2065 tum
180 2027 222 2065 in
243 2028 346 2066 atrio
368 2028 478 2078 quod
502 2035 563 2064 est
590 2027 697 2064 inter
726 2026 928 2064 civitatem
953 2033 990 2062 et
1018 2024 1229 2062 ecclesiam
1250 2024 1356 2061 beati
1379 2022 1558 2067 Martini,

68 2101 260 2145 presente
292 2093 462 2145 populo,
502 2106 620 2130 manu
644 2092 814 2144 propria
834 2091 1025 2143 aspersit,
1050 2098 1168 2141 atque
1208 2089 1414 2127 voluntate
1446 2088 1561 2125 beni-

69 2159 269 2210 gnissima
289 2159 556 2210 dispensavit.
578 2158 640 2196 Ab
667 2172 712 2196 ea
733 2158 797 2196 die
819 2166 1006 2208 tanquam
1027 2156 1169 2194 consul
1197 2164 1234 2193 et
1253 2160 1462 2206 'augustus
1503 2161 1563 2190 est

113 2295 146 2337 x)
167 2296 443 2337 circumiensque
471 2295 583 2327 vicina
606 2296 680 2325 loca
701 2295 734 2325 in
758 2294 968 2326 Canu-cinis».
999 2293 1030 2323 iu
1054 2294 1127 2323 loco
1159 2292 1217 2333 qui
1240 2292 1406 2321 Yiuantus
1424 2290 1561 2321 dicitur.

73 2355 322 2386 monasterium
344 2355 378 2385 in
400 2355 528 2385 honore
555 2354 647 2385 beati
670 2354 809 2385 Martini
831 2353 1034 2388 construxit,
1057 2357 1087 2383 et
1116 2353 1157 2382 ob
1193 2363 1308 2381 amore
1335 2350 1447 2391 ipsius
1481 2361 1562 2379 con-

70 2414 214 2445 sessoris
242 2414 402 2445 maximis
424 2413 614 2444 honoribus
648 2424 687 2443 ac
711 2413 859 2444 diversis
894 2411 1067 2442 thesauris
1107 2409 1407 2441 abundantissime
1440 2408 1561 2438 ditavit

71 2474 151 2505 add.
170 2474 206 2505 C.
222 2475 309 2514 —5)
325 2474 518 2504 Interfectis
539 2473 648 2514 igitur
669 2473 705 2507 E.
728 2473 764 2509 F,
780 2473 820 2504 G.
843 2491 883 2495 -—
903 2474 933 2512 z)
947 2471 1132 2502 Antonium
1154 2471 1235 2500 Ε-
1252 2471 1308 2509 α’)
1332 2470 1415 2498 Toni
1435 2479 1470 2497 cc·
1485 2478 1563 2508 pas-

72 2546 155 2576 sage
181 2533 332 2575 original
350 2544 496 2574 manque
521 2533 608 2562 dans
623 2532 663 2564 G.
680 2551 720 2555 --
740 2532 775 2572 b)
796 2532 911 2562 baltea
934 2532 969 2567 F,
987 2531 1025 2561 G.
1048 2550 1088 2554 —
1108 2531 1137 2571 c)
1161 2541 1265 2570 super
1297 2533 1401 2569 caput
1423 2528 1494 2568 ejus
1524 2528 1559 2556 F..

73 2608 1554 2624 ——--—--—-——-———————-—-—

113 2671 146 2702 1.
173 2671 397 2712 Angouleme.

112 2713 145 2743 2.
174 2712 345 2753 Aptonius
367 2713 381 2742 Ι
396 2711 455 2753 qui
466 2711 573 2742 serait
589 2715 679 2741 mort
693 2721 771 2742 vers
787 2711 858 2745 510,
875 2708 1192 2750 n'ayantoccupe'le
1203 2707 1295 2747 siege
1310 2705 1488 2747 pontifieal
1498 2716 1562 2746 que

71 2753 160 2784 deux
186 2764 260 2784 ans.
296 2753 482 2784 L’Historia
516 2753 714 2794 pontificum
747 2755 778 2782 el
810 2752 964 2782 comitum
998 2749 1298 2791 Engnlismensium
1325 2751 1377 2777 est
1403 2747 1561 2776 d‘aceord

72 2806 155 2826 avec
175 2795 325 2826 Ademar
340 2805 428 2836 pour
443 2795 614 2825 attribuer
635 2795 655 2824 ἐι
682 2794 797 2825 Clovis
830 2793 861 2824 le
893 2793 1161 2833 remplacemeut
1195 2790 1274 2820 bien
1313 2788 1449 2818 naturel
1483 2788 1561 2817 d'un

73 2838 202 2877 &veque
219 2836 302 2877 goth
321 2840 355 2866 et
374 2836 470 2866 arien
484 2847 550 2877 par
571 2847 632 2866 son
654 2834 849 2876 chapelain‚
872 2836 974 2875 apres
989 2834 1021 2863 la
1044 2832 1137 2874 prise
1156 2830 1410 2872 d'Angouleme,
1428 2840 1468 2859 en
1489 2830 1559 2858 508.
