1908 3256
677 310 793 335 Lini-:n
825 310 1000 334 TERTIUS
1498 302 1568 336 150

75 398 233 449 Wido,
258 398 502 440 vicecomes
532 397 873 443 Lemovicensis,
906 398 1006 438 dum
1050 415 1194 438 comes
1237 401 1349 439 Boso
1380 401 1560 441 Romam

75 470 233 520 abiret,
250 478 374 511 nacta
397 469 626 509 occasione
651 478 841 510 castrum
866 469 1057 510 extruxit
1080 487 1099 509 a
1124 486 1233 510 novo
1256 480 1405 511 contra
1433 472 1563 511 Bran-

74 551 297 583 tosmense
327 540 659 581 monasterium.
685 542 771 581 Nee
796 556 931 585 mora,
959 556 1134 580 reverso
1164 542 1334 581 Bosone
1364 542 1563 582 commis-

75 628 211 670 soque
251 612 452 669 praelio¹‚
492 613 606 652 Boso
647 611 786 652 victor
821 620 1011 651 castrum
1054 611 1287 661 destruxit,
1315 612 1563 669 multusque

76 684 255 744 sanguis
275 683 318 724 in
342 700 392 725 eo
415 683 531 724 bello
555 682 719 724 effusus
743 691 823 731 est,
855 691 897 723 et
920 682 1061 727 &Vido
1084 683 1336 725 vulneratus
1360 683 1458 743 suga
1483 684 1570 740 lap-

76 771 148 796 sus
172 755 254 796 est¹
273 788 280 794 .

132 827 202 870 36.
235 826 391 867 —His
413 826 693 883 temporibus
712 826 948 882 episcopus
973 826 1296 871 Gri1noardus2,
1329 826 1442 867 <latis
1482 843 1575 866 mu-

77 898 276 948 neribus,
304 915 325 939 a
359 898 586 940 Willelmo
625 898 784 939 comite
811 898 960 939 Sancti
1006 898 1214 954 Eparchii
1262 898 1574 939 monasterium

79 970 273 1027 expeciit
297 979 339 1011 et
362 969 447 1010 sibi
477 969 728 1017 vindicavit,
761 978 801 1010 et
825 986 903 1026 per
926 969 1087 1010 multos
1121 985 1258 1010 annos
1294 969 1386 1010 sine
1422 970 1576 1010 abbate

81 1057 258 1083 manere
288 1041 435 1083 secitffl.
464 1042 629 1082 Omnes
653 1041 770 1082 enim
794 1041 977 1082 comites
1006 1041 1288 1100 Engolismae
1318 1057 1339 1081 a
1368 1040 1576 1097 tempori-

82 1114 162 1154 bus
187 1112 466 1154 Childeberti
490 1112 608 1171 regis
643 1114 931 1162 Francorum,
959 1128 1044 1168 quo
1082 1112 1175 1168 ipse
1216 1111 1337 1152 locus
1374 1111 1578 1152 fundatus

83 1193 164 1234 est,
190 1184 388 1225 advocati
411 1184 504 1240 ejus
528 1193 570 1225 et
593 1183 849 1225 defensores
873 1183 1070 1224 extitisse
1096 1192 1333 1224 noscentur
1356 1191 1397 1223 et
1432 1181 1578 1238 provi-

83 1270 222 1306 sores,
267 1255 481 1296 habentes
523 1271 602 1311 pro
641 1254 786 1296 officio
827 1253 1074 1295 defensoris
1109 1254 1152 1294 in
1188 1253 1403 1295 beneficio
1432 1253 1576 1294 villam

84 1326 372 1368 Ranconiam.
400 1327 521 1368 Tunc
539 1335 805 1367 memoratus
829 1326 1063 1382 episcopus
1104 1325 1326 1366 Aimerico
1368 1340 1577 1383 germano

38 1432 42 1433 γ
85 1414 180 1449 suo,
207 1397 307 1439 duci
332 1397 649 1439 Moxedanensi
667 1399 679 1418 ³
709 1397 886 1438 donavit
927 1397 969 1437 in
1012 1396 1339 1453 possessionem
1364 1405 1576 1437 monaste-

86 1469 200 1511 rium
223 1469 550 1521 Tomolatense,
577 1469 695 1526 quod
723 1478 904 1510 actenus
934 1484 1107 1525 semper
1142 1468 1281 1509 suerat
1304 1468 1347 1508 in
1382 1466 1578 1508 dominio

89 1541 293 1582 coenobii
315 1540 927 1601 Engolismensis.Situmque
945 1539 1064 1580 estin
1087 1539 1313 1580 territorio
1330 1538 1579 1598 Petragori-

90 1612 228 1663 censi,
254 1613 422 1654 habens
446 1612 677 1654 ecclesiam
700 1612 744 1653 in
767 1612 935 1652 honore
959 1610 1189 1670 genitricis
1211 1611 1308 1660 Dei,
1347 1610 1438 1660 ubi,
1463 1609 1581 1651 velut

89 1683 134 1725 in
156 1683 340 1740 proprio
359 1684 458 1740 jure
488 1692 689 1740 paterno,
716 1682 879 1739 sepulti
907 1691 1009 1723 sunt
1025 1682 1149 1723 Felix
1169 1681 1402 1730 Aureolus,
1434 1682 1580 1722 Petra-

90 1755 336 1815 goricensis
359 1757 541 1805 comesfl
558 1763 683 1811 pater
706 1753 1085 1810 sanctiEparchii,
1102 1758 1162 1794 et¹¹
1185 1752 1427 1809 Principia,
1445 1761 1582 1793 mater

90 1826 288 1884 ejusdem
311 1826 595 1868 confessoris.
627 1812 733 1867 Post
755 1842 842 1867 non
867 1825 1025 1867 multos
1048 1841 1184 1866 annos
1207 1824 1486 1881 supradictus
1502 1823 1583 1880 Ay-

91 1898 281 1940 mericus
308 1898 453 1956 ipsum
473 1898 617 1940 locum
640 1897 762 1939 dedit
796 1897 839 1938 in
874 1896 1090 1938 beneficio
1132 1896 1317 1937 ducibus
1359 1895 1464 1946 suis,
1508 1894 1582 1952 qui

89 1978 301 2012 vocantur
316 1969 572 2021 infernales,
598 1978 641 2011 et
662 1969 721 2010 ita
749 1968 925 2026 penitus
947 1968 1041 2026 ipsa
1065 1967 1287 2025 possessio
1310 1967 1494 2008 alienata
1519 1974 1584 2007 est

90 2057 113 2083 a
130 2043 230 2098 jure
252 2042 435 2099 antiquo
460 2041 611 2084 Sancti
627 2041 854 2099 Eparchii.
871 2042 1089 2082 Processu
1108 2038 1458 2096 temporisNVido
1473 2037 1583 2078 vice-

92 2128 254 2164 comeS,
280 2122 408 2170 capto
437 2112 706 2155 Grimoardo
729 2112 956 2170 episcopo,
976 2128 1056 2169 pro
1086 2110 1353 2152 monasterio
1378 2111 1583 2151 Brantos-

94 2200 260 2236 mense,
287 2185 405 2242 quod
432 2185 486 2226 ab
515 2201 565 2226 eo
593 2185 637 2226 in
678 2200 860 2226 munere
901 2184 1182 2241 exposcebat,
1219 2182 1361 2225 tenuit
1401 2198 1498 2223 cum
1539 2181 1582 2222 in

136 2317 161 2358 l)
188 2317 222 2347 in
257 2317 388 2357 Campo
425 2316 588 2346 Carracio
624 2315 704 2345 add.
739 2315 774 2347 C.
797 2333 836 2338 —
857 2315 903 2355 m)
941 2319 975 2345 et
1007 2315 1124 2356 plures
1162 2312 1400 2354 possessiones
1433 2311 1587 2351 ejusdem

94 2358 296 2389 monasterii
328 2358 533 2399 parentibus
556 2357 627 2388 suis
649 2361 682 2387 et
704 2357 783 2387 aliis
807 2357 1022 2387 secularibus
1045 2355 1187 2386 donavit
1214 2359 1247 2385 et
1281 2366 1300 2384 a
1327 2354 1401 2384 loco
1423 2352 1588 2384 alienavit

95 2401 176 2431 add.
201 2400 234 2433 C.
252 2402 343 2440 —n)
366 2399 406 2429 de
425 2404 458 2430 et
471 2399 612 2440 jusqu’ti
635 2398 745 2429 sancti
766 2398 930 2439 Eparchii
958 2398 1051 2428 deest
1075 2398 1110 2428 C.

137 2569 166 2599 1.
188 2568 250 2599 Les
272 2567 494 2598 adversaires
516 2578 556 2597 en
576 2569 743 2608 presence
756 2567 799 2597 ici
822 2571 901 2597 sont
922 2567 1034 2596 Boson
1060 2565 1102 2598 II.
1125 2568 1235 2594 comte
1256 2564 1297 2594 de
1317 2564 1350 2594 la
1370 2563 1588 2594 Basse-Mar-

95 2610 157 2640 che
173 2610 359 2650 (993-1006)
379 2613 412 2639 et
428 2609 490 2641 Gui
513 2610 538 2643 1,
555 2609 703 2640 vicomte
724 2609 765 2640 de
787 2609 958 2649 Limoges,
989 2607 1044 2637 fils
1075 2611 1107 2637 et
1134 2616 1337 2636 successeur
1370 2606 1410 2636 de
1447 2604 1586 2639 Giraud,

97 2652 183 2682 dont
195 2651 221 2681 il
241 2661 261 2681 a
277 2650 354 2691 deja
375 2652 427 2681 ete
447 2651 508 2680 fait
528 2651 692 2681 mention.

138 2694 167 2723 2.
194 2692 386 2727 Grimoald,
409 2694 538 2733 eveque
562 2692 808 2733 d'Angouleme
824 2691 1026 2729 (993-1018).

137 2735 167 2765 3.
193 2733 386 2769 Mussidan‚
409 2744 437 2763 c.
461 2734 502 2763 de
519 2734 614 2764 l'arr.
638 2734 679 2763 de
705 2733 852 2764 Riberac
872 2733 1095 2773 (Dm-dogne).

138 2776 169 2806 4.
194 2775 363 2806 Aureolus
389 2775 509 2805 n'etait
531 2786 595 2816 pas
616 2779 727 2806 comte
747 2775 793 2805 du
815 2774 993 2815 Perigord.
1021 2774 1109 2806 C'est
1135 2774 1153 2802 ξι
1184 2771 1359 2803 Τι’ἑωοῙοῑ
1379 2781 1443 2811 que
1470 2769 1591 2810 naquit

101 2828 164 2847 son
182 2817 238 2848 fils
258 2818 291 2847 S.
309 2817 458 2857 Cybard,
477 2828 521 2847 au
545 2817 599 2847 VI*
621 2828 648 2848 s.

1658 567 1685 586 v.
1703 560 1755 585 00¹]
