1908 3256
304 271 355 304 :38
828 276 1010 300 ,ini-:utun
1044 274 1284 301 ‹zuuoxmox

309 388 324 405 κ
361 384 433 408 uos
457 368 694 406 1‘‹.·l›1·i1›11s‹·t
717 368 806 404 aliis
826 366 941 403 malis
965 366 1213 417 ‹:‹›1·1·ipinu1r
1234 376 1271 404 et
1294 369 1509 405 emendare
1533 368 1803 419 neglegimus

363 436 466 473 Ecce
484 434 566 486 jani
590 434 800 485 perdimus
817 432 938 474 filios,
958 446 1050 469 ecce
1067 430 1150 483 jam
1168 432 1332 471 lacrime
1350 447 1592 485 pauperum,
1612 434 1807 471 lamenta—

361 502 422 538 cio
456 501 684 545 viduarum,
722 498 901 549 suspiria
926 499 1161 535 orfanorum
1196 499 1433 537 interimunt
1450 505 1490 536 ¹¹¹.
1520 499 1626 537 Ecce
1661 500 1749 537 auri
1771 509 1804 536 et

313 585 327 602 ι(
363 566 519 618 argenti
542 566 739 603 immensa
761 565 959 616 pondera,
986 564 1149 601 vellaria
1171 574 1208 602 et
1231 564 1377 602 horrea
1408 566 1528 617 plena
1562 566 1805 607 redundant,

312 652 327 667 «ι
364 643 399 670 ct
425 633 629 670 nescimus
654 631 717 668 rui
741 644 1041 681 cimgregamus
1066 629 1240 667 ea.Ecce
1264 632 1374 681 quod
1396 631 1608 682 pulchrius
1637 631 1808 668 habeha-

313 716 328 734 ι(
364 713 467 741 mus,
492 698 702 749 perdimus
729 713 736 733 ι
762 697 859 747 quid
882 696 1002 732 nobis
1025 697 1251 746 proderunt
1273 697 1349 734 ista
1372 697 1540 734 omnia?
1574 696 1691 734 Nunc
1710 710 1809 735 vero

313 784 328 800 t<
365 765 435 802 tibi
459 764 614 816 placeat
630 763 846 800 consilium
865 776 995 799 meum
1013 760 1159 813 etjube
1175 763 1808 814 reddiquodmalepervasimus,

314 849 330 866 t<
365 840 401 868 et
424 830 724 881 descriptiones
748 842 875 866 novas
899 841 1000 878 quas
1036 826 1186 879 injuste
1208 829 1481 879 nequiterque
1505 829 1675 866 fecimus
1712 827 1810 880 jube

315 914 330 931 κ
366 896 542 938 incendi,
564 904 604 932 ut
620 895 653 931 si
682 902 797 931 natos
813 899 828 914 ¹¹
852 893 1080 944 perdimus,
1116 894 1179 931 vel
1215 908 1359 945 penam
1395 903 1635 945 perpetuam
1669 895 1810 932 evada-

316 980 331 997 «
368 976 469 999 mus.
498 978 514 995 »
541 961 652 998 Tunc
677 974 763 1005 rex,
800 968 1057 1010 conpunctus
1081 961 1219 1006 corde,
1244 960 1411 997 tradidit
1444 973 1586 997 omnes
1629 960 1810 1012 descrip-

315 1028 443 1066 tiones
468 1028 628 1079 iniquas
668 1028 717 1064 ad
741 1026 1061 1063 comburendum
1094 1026 1195 1077 igni.
1232 1026 1333 1063 Post
1367 1026 1439 1063 hec
1474 1039 1577 1077 puer
1611 1025 1810 1077 parvulus

314 1095 419 1131 filius
443 1093 529 1145 ejus
553 1093 736 1130 moritur.
782 1092 911 1139 Quem
935 1106 1024 1128 cum
1060 1092 1206 1143 grandi
1229 1105 1388 1129 merore
1412 1092 1599 1129 Parisius
1634 1092 1675 1129 in
1696 1092 1810 1129 basi—

315 1161 390 1197 lica
424 1160 560 1197 Sancti
584 1158 762 1196 Dionisii
784 1158 975 1209 martyris
1004 1158 1283 1209 deportante5‚
1310 1158 1578 1210 sepelierunt.
1604 1157 1812 1210 Deinceps

316 1225 550 1263 Clotbertus
567 1230 595 1271 ⁰,
619 1224 725 1261 filius
749 1237 889 1261 eorum
912 1223 1030 1269 alius,
1071 1236 1159 1260 cum
1191 1232 1378 1274 egrotare
1413 1223 1607 1275 cepisset,
1645 1237 1814 1276 compo-

316 1300 457 1328 nentes
480 1305 569 1328 eum
592 1291 632 1327 in
654 1291 843 1335 feretrol',
870 1288 1107 1325 Suessionis
1130 1289 1299 1326 basilica
1322 1289 1460 1327 Sancti
1482 1288 1669 1327 Medardi
1686 1290 1813 1327 duxe-

316 1367 422 1395 runt.
464 1357 801 1407 Proicientesque
843 1369 933 1392 eum
973 1356 1021 1392 ad
1063 1364 1246 1392 sanctum
1295 1355 1573 1407 sepulchrum,
1614 1364 1814 1393 voverunt

316 1432 407 1461 vota
428 1436 502 1474 pro
527 1436 587 1460 eo.
615 1422 696 1459 Sed
718 1421 849 1459 media
878 1429 996 1458 nocte
1031 1420 1239 1463 deficiens,
1277 1430 1460 1458 mortuus
1496 1429 1572 1458 est.
1611 1420 1739 1468 Quem
1773 1421 1813 1458 in

316 1489 485 1528 basilica
507 1489 747 1527 Sanctorum
771 1496 993 1538 martyrum
1017 1487 1200 1538 Crispini
1219 1496 1255 1524 et
1274 1486 1528 1538 Crispiniani
1547 1487 1811 1539 sepelierunt.

316 1555 490 1606 Magnus
514 1568 676 1605 quoque
706 1554 893 1605 planctus
927 1552 990 1589 hic
1025 1551 1133 1589 omni
1168 1552 1331 1603 populo*
1358 1552 1445 1589 fuit.
1485 1551 1585 1589 Nam
1619 1552 1814 1590 mulieres

316 1634 404 1657 cum
427 1621 526 1658 viris
550 1620 635 1657 suis
659 1620 846 1671 lugentes
870 1618 1018 1655 flebant
1039 1617 1170 1668 nigris
1199 1618 1383 1655 vestibus
1407 1618 1561 1664 indute,
1600 1619 1811 1670 percussis

316 1685 567 1737 pectoribus,
601 1684 676 1721 hoc
700 1685 820 1721 funus
845 1691 938 1720 sunt
960 1690 1193 1733 prosecute,
1218 1691 1255 1719 et
1278 1683 1432 1720 multaq
1453 1697 1621 1721 munera
1644 1697 1688 1721 ac
1710 1685 1815 1722 dona

318 1750 576 1802 Chilpericus
600 1764 671 1787 rex
694 1748 879 1786 ecclesiis
908 1748 971 1786 vel
1006 1748 1258 1798 pauperibus
1294 1757 1331 1786 et
1368 1749 1513 1786 multas
1550 1749 1699 1787 villasr
1733 1750 1814 1789 lar-

316 1823 424 1873 gitus
453 1832 528 1860 est.

369 1892 433 1927 34.
455 1913 506 1917 —
527 1888 587 1925 Eo
611 1901 715 1925 anno
738 1887 924 1924 Justinus
948 1886 1172 1937 imperator
1195 1899 1333 1922 amens
1357 1885 1540 1932 effectus,
1570 1899 1674 1923 xvnl
1710 1899 1815 1924 anno
1851 1911 1853 1913 ·

317 1955 477 2007 imperii
519 1954 581 1991 sui
621 1954 728 2005 apud
770 1951 1169 2003 Constantinopolim
1212 1951 1413 1989 civitatem
1454 1952 1569 1997 obiit,
1625 1951 1815 1990 Tiberius

317 2035 478 2075 quoque
501 2020 716 2072 imperium
758 2017 844 2070 ejus
886 2018 1083 2069 suscepit.
1126 2017 1227 2054 Post
1267 2017 1338 2054 hec
1375 2017 1655 2056 Theodericus
1696 2031 1813 2070 puer,

315 2089 421 2126 lilius
444 2086 682 2138 Chilperici,
708 2094 890 2122 mortuus
915 2093 988 2122 est.
1028 2083 1197 2135 Peperit
1232 2097 1396 2134 quoque
1433 2084 1555 2122 alium
1591 2084 1718 2122 filium
1752 2084 1815 2121 his

317 2155 460 2192 diebus
485 2152 769 2204 Fredegundis
792 2165 911 2203 quem
935 2149 1159 2188 Clotarium
1187 2158 1451 2187 vocaverunt.
1480 2150 1555 2187 Hic
1579 2150 1652 2188 fuit
1672 2159 1815 2202 postea

319 2235 387 2259 rex
410 2233 596 2271 magnus,
622 2218 691 2269 qui
713 2217 853 2269 genuit
875 2217 1169 2268 Dagobertum.
1196 2214 1485 2254 Childebertus
1507 2216 1643 2268 itaque
1665 2215 1816 2254 Auster

318 2301 407 2325 cum
436 2287 550 2324 hoste
578 2286 619 2322 in
654 2284 808 2322 Italiam
837 2283 949 2329 abiit,
973 2283 1104 2334 ipsam
1123 2282 1349 2319 devastavit
1370 2291 1408 2319 et
1428 2282 1683 2320 tributariam
1706 2281 1812 2320 fecit.

318 2353 492 2391 Maxime
532 2364 694 2403 quoque
717 2349 923 2387 discordie
957 2348 998 2385 in
1032 2347 1114 2384 illis
1149 2347 1293 2385 diebus
1330 2347 1437 2385 inter
1472 2348 1751 2400 Chilpericum
1779 2356 1815 2386 et

320 2419 641 2463 Cliildebertum,
664 2424 853 2467 nepotem
882 2428 1013 2459 suum,
1039 2415 1291 2451 crescebant.
1307 2413 1527 2452 Irritabant
1548 2414 1655 2452 enim
1677 2427 1747 2452 eos
1768 2427 1815 2451 ex

320 2486 504 2536 utrisque
552 2483 738 2535 partibus
780 2480 1066 2532 Fredegundis
1108 2488 1146 2518 et
1190 2479 1486 2518 Brunichildis.
1545 2479 1605 2517 Eo
1652 2493 1815 2532 quoque

321 2562 502 2603 tempore
525 2558 707 2587 mortuus
743 2557 805 2586 est
837 2549 942 2584 bone
977 2546 1170 2583 memorie
1193 2546 1367 2584 domnus
1409 2545 1688 2584 Guntramnus
1727 2558 1814 2602 rex,

322 2620 444 2656 frater
485 2615 706 2667 Chilperici
743 2614 870 2666 regis,
908 2613 1104 2650 Cavilono
1121 2618 1148 2656 ⁵,
1176 2612 1336 2649 civitate
1359 2612 1614 2663 Burgundie,
1639 2612 1679 2649 in
1706 2611 1817 2648 basi-

364 2736 408 2763 m)
432 2734 492 2753 nos
515 2722 717 2752 interimunt
741 2722 773 2751 1³.
798 2721 887 2750 (1.-
910 2721 942 2759 u)
965 2720 1195 2755 11ataA.—-=›‘„
1214 2718 1444 2748 (dodobertus
1461 2718 1499 2750 D.
1519 2718 1655 2749 130—
1670 2718 1707 2758 p)
1729 2717 1815 2758 phe—

323 2772 412 2795 retro
440 2766 475 2800 F,
499 2765 536 2795 G,
560 2782 600 2786 —
620 2765 653 2804 qi
684 2764 790 2792 multa
812 2762 904 2791 deest
927 2762 960 2793 F,
985 2762 1022 2791 U.
1053 2779 1092 2783 ——
1119 2761 1147 2800 r)
1170 2764 1202 2789 et
1230 2760 1358 2789 multas
1388 2760 1490 2791 villas
1513 2760 1606 2789 deest
1638 2760 1672 2790 1³.
1709 2758 1747 2789 G.
1777 2777 1817 2781 —

323 2820 335 2836 s
373 2806 536 2837 Cabilone
553 2806 590 2836 G.
