1908 3256
334 275 348 284 r

332 274 380 310 Ol}
852 286 1037 312 anmmm
1068 285 1308 311 cnnoxmors

331 386 623 428 preoccupant‚
650 386 687 414 et
709 377 834 415 aciem
863 377 1130 422 instruentes,
1155 376 1467 414 munitissimam
1491 376 1693 416 civitatem
1715 379 1830 416 obsi-

332 442 441 478 dent.
461 441 511 479 Et
532 441 706 479 Karolus
722 441 985 493 belligerator
1004 455 1095 478 mox
1117 441 1326 478 insecutus
1355 450 1417 479 est
1439 455 1508 479 eos
1537 455 1627 479 curn
1663 443 1829 481 forciori

331 507 447 544 hoste
471 516 507 545 et
528 507 753 559 predictam
769 509 910 545 urbem
933 506 1196 558 aggrediens,
1221 519 1359 543 muros
1382 506 1620 554 circumdat,
1645 508 1830 546 obsidio-

332 586 422 610 nem
446 581 669 610 coacervat.
693 572 820 619 Tunc,
839 572 1009 625 jubente
1033 572 1136 618 Deo,
1161 571 1201 609 in
1225 572 1387 609 modum
1414 571 1598 619 Hierico,
1617 586 1707 610 cum
1729 581 1829 611 stre-

331 639 416 690 pitu
441 638 689 676 Francorum
712 647 751 676 et
778 652 878 676 sono
901 640 1105 682 tubarum,
1130 651 1219 675 cum
1248 637 1445 675 machinis
1469 646 1507 675 et
1528 638 1699 676 restium
1726 639 1830 677 funi-

331 706 423 749 bus,
460 718 598 741 muros
639 704 841 756 arripiunt
875 712 912 741 et
953 717 1045 740 mox
1085 703 1217 740 menia
1251 716 1458 740 murorum
1509 712 1705 742 corruunt
1723 709 1749 752 ⁵,
1793 713 1832 743 et

332 771 473 808 urbem
495 770 805 808 munitissimam
828 770 1107 821 ingredientes
1131 769 1398 815 succendunt,
1417 782 1558 807 omnes
1581 769 1829 808 Sarracenos

332 836 535 874 trucidant
557 844 595 874 et
617 849 728 873 suam
751 835 969 873 dictionem
992 843 1135 872 cuncta
1155 835 1390 873 restituunt.
1408 834 1550 872 Victor
1564 835 1691 887 igitur
1710 843 1830 887 atque

333 901 506 939 bellator
527 902 703 953 insignis
727 900 901 938 Karolus
925 900 1166 938 Hrodanum
1193 901 1357 938 fluvium
1392 900 1569 946 transiit,
1603 900 1829 939 Gothorum

334 968 434 1004 fines
456 967 685 1018 penetravit
707 975 745 1004 et
766 966 997 1003 Narbo'narn
1021 965 1327 1002 celeberrimam
1350 973 1388 1002 et
1404 965 1664 1017 metropolim
1687 966 1828 1003 urbem

333 1047 472 1071 eorum
496 1033 673 1079 obsedit,
698 1045 823 1083 super
856 1031 984 1069 Adice
1024 1031 1206 1078 fluvium,
1231 1040 1269 1069 et
1291 1031 1558 1069 munitionem
1589 1032 1630 1069 in
1652 1032 1759 1084 giro,
1787 1032 1828 1069 in

332 1101 493 1137 modum
528 1099 713 1143 arietum,
765 1098 1010 1142 construxit,
1059 1105 1097 1134 et
1135 1110 1273 1148 regem
1308 1097 1642 1144 Sarracenorum,
1665 1097 1828 1135 nomine

331 1166 516 1211 Atimott,
549 1178 633 1202 curn
669 1164 911 1201 satellitibus
947 1163 1031 1201 suis
1072 1163 1222 1200 ibidem
1264 1163 1447 1200 reclusit.
1492 1163 1578 1200 Hec
1618 1163 1827 1201 audientes

331 1231 503 1282 majores
526 1239 619 1267 natu
636 1239 674 1267 et
694 1230 903 1280 principes
929 1229 1262 1275 Sarracenorum,
1297 1229 1364 1279 qui
1400 1230 1754 1267 commorabantur
1785 1229 1826 1266 in

330 1298 496 1349 regione
514 1296 818 1347 Hispaniarum,
844 1296 1068 1333 coadunato
1092 1295 1270 1332 exercitu
1288 1294 1464 1332 hostium
1480 1300 1496 1316 ¹¹
1513 1308 1603 1332 cum
1618 1295 1697 1332 alio
1712 1308 1825 1347 rege,

329 1362 501 1400 :imm-re
539 1361 716 1407 nomine,
741 1361 915 1398 viriliter
954 1361 1095 1398 armati
1131 1368 1430 1411 consurgentes
1464 1369 1687 1411 preparant
1714 1374 1757 1398 se
1779 1361 1828 1398 ad

330 1428 502 1480 prelium
531 1435 671 1464 contra
708 1426 901 1463 Karolum
924 1426 1169 1464 Martellum.
1196 1425 1348 1463 Contra
1371 1439 1470 1476 quos
1501 1425 1676 1462 Karolus
1699 1426 1827 1463 odcu-

331 1494 381 1532 rit
404 1506 528 1544 super
561 1492 724 1529 fluvium
754 1492 873 1529 Birra
885 1498 898 1513 V
921 1493 961 1529 in
982 1492 1131 1543 palatio
1153 1491 1255 1528 valle
1270 1491 1482 1529 Corbaria.
1502 1491 1671 1542 lllisque
1688 1499 1827 1529 mutuo

331 1559 659 1610 confligentibuS‚
675 1558 888 1595 Sarraceni
910 1558 1057 1595 devicti
1078 1566 1197 1609 atque
1214 1557 1410 1609 prostrati
1433 1566 1540 1603 sunt,
1554 1565 1592 1595 et
1613 1565 1826 1595 cernentes

330 1639 467 1677 regem
491 1638 606 1662 suum
628 1624 901 1669 intersectum,
925 1624 966 1661 in
996 1625 1129 1675 fugam
1152 1623 1271 1675 lapsi,
1314 1631 1430 1674 terga
1457 1631 1669 1661 verterunt
1697 1631 1736 1661 et
1757 1623 1826 1674 qui

329 1694 500 1730 evadere
522 1699 743 1742 potuerunt
765 1691 974 1742 cupientes
998 1691 1128 1728 navali
1151 1690 1359 1728 evectione
1382 1690 1538 1741 fugere,
1563 1690 1603 1727 in
1638 1698 1825 1741 stagnum

328 1758 450 1795 maris
469 1758 660 1802 natando,
685 1765 822 1794 mutuo
841 1771 883 1793 se
906 1756 1165 1794 cohortantes
1189 1756 1374 1794 insiliunt
1397 1766 1435 1795 et
1462 1769 1554 1794 mox
1570 1755 1717 1793 Franci
1735 1769 1825 1793 eum

327 1824 498 1861 navibus
521 1822 821 1874 preoccupatis.
853 1821 988 1873 jacula
1027 1822 1244 1860 armatoria
1283 1836 1408 1873 super
1441 1835 1512 1859 eos
1545 1821 1754 1873 proiciunt
1787 1829 1826 1859 et

327 1889 545 1927 suffocatos
569 1889 609 1925 in
632 1888 748 1939 aquis
771 1888 1022 1925 interimunt.
1051 1888 1199 1939 Sieque
1224 1888 1473 1926 Francorum
1495 1887 1663 1939 populi¹
1685 1887 1824 1926 trium-

326 1955 497 2006 phantes
521 1955 568 1991 de
586 1953 773 1990 hostibus
799 1954 965 2004 predam
995 1967 1180 2005 magnam
1203 1962 1242 1991 et
1261 1953 1394 2005 spolia
1414 1953 1594 2005 capiunt,
1631 1961 1685 1999 et,
1709 1961 1825 2004 capta

328 2020 584 2058 multitudine
608 2019 924 2056 Sarracenorum
942 2020 1210 2070 captivorum,
1237 2019 1408 2057 Carolus
1437 2019 1647 2071 regionem
1677 2018 1824 2056 Gothi-

328 2099 412 2123 cam
427 2085 646 2137 depopulat
663 2094 700 2122 et
717 2085 901 2122 civitates
919 2085 1230 2130 famosissimas,
1244 2085 1477 2123 Narbonam
1494 2085 1821 2132 etNemausumv,

327 2150 498 2202 Agatem
521 2159 559 2187 et
580 2150 740 2187 Beteris
756 2156 767 2171 ⁷¹
790 2150 969 2187 funditus
988 2151 1216 2197 destruunt,
1247 2151 1380 2188 menia
1410 2159 1447 2188 et
1481 2163 1619 2188 muros
1641 2149 1823 2187 confrin—

328 2225 471 2267 gentes
495 2225 531 2254 et
547 2216 640 2267 igne
664 2216 879 2266 subposito
902 2225 1188 2262 concremant;
1226 2216 1371 2254 Franci
1406 2225 1444 2254 et
1471 2216 1605 2254 omnia
1633 2223 1766 2253 castra
1786 2223 1825 2253 et

328 2283 560 2318 suburbana
599 2279 780 2332 ejusdem
803 2281 985 2332 regionis
1009 2282 1392 2319 exterminaverunt.
1413 2281 1463 2319 Et
1491 2281 1650 2319 devicto
1677 2282 1823 2319 adver-

329 2348 527 2384 sariorum
550 2347 731 2398 agmine,
770 2347 935 2385 Christo
969 2348 1009 2384 in
1038 2348 1227 2385 omnibus
1268 2348 1449 2400 presule,
1492 2348 1560 2400 qui
1593 2356 1654 2385 est
1693 2348 1823 2399 capud

331 2413 471 2450 salutis
496 2413 734 2458 etvictorie.
759 2413 978 2450 salubriter
1005 2414 1197 2451 remeavit
1233 2414 1408 2451 Karolus
1443 2427 1532 2451 cum
1573 2413 1742 2451 Francis
1781 2413 1822 2450 in

328 2478 431 2515 solio
448 2478 702 2529 principatus
720 2478 817 2514 suia.
845 2478 1041 2528 Sequenti
1057 2492 1177 2525 anno,
1203 2479 1243 2516 in
1265 2493 1404 2517 mense
1421 2479 1640 2525 febroario,
1657 2478 1822 2530 predic-

330 2552 410 2581 tum
472 2557 708 2595 germanum
770 2557 886 2581 suum
938 2544 1111 2582 Karolus
1168 2558 1256 2582 curn
1309 2545 1497 2597 plurimis
1560 2544 1733 2583 ducibus
1785 2553 1824 2582 et

371 2710 420 2749 ε’)
436 2710 531 2740 Tunc
549 2709 730 2750 jubente...
754 2713 786 2739 et
807 2709 929 2739 urbem
944 2710 1037 2739 deest
1052 2709 1087 2740 C.
1100 2728 1138 2732 ——
1152 2711 1177 2750 t)
1193 2711 1310 2741 Atinot
1330 2711 1368 2747 D,
1388 2711 1423 2742 F.
1440 2728 1480 2734 —
1500 2711 1535 2751 u)
1554 2710 1709 2741 hostium
1728 2710 1822 2740 dem

334 2751 369 2786 F,
394 2752 432 2782 (j.
457 2769 495 2773 —
516 2752 548 2790 v)
577 2751 678 2781 Birea
703 2751 738 2786 F,
762 2750 801 2782 G.
825 2769 863 2773 —
878 2760 911 2789 x)
936 2751 1058 2791 populi
1072 2752 1165 2781 deest
1182 2753 1269 2788 A.D‚
1294 2753 1330 2783 E.
1347 2752 1429 2792 -v)
1444 2752 1668 2783 Nemausiam
1684 2751 1820 2784 EG.—

330 2805 345 2823 z
371 2792 512 2832 ,Beteris
535 2793 628 2822 deest
648 2793 684 2822 E.
702 2810 740 2814 -
773 2793 806 2831 a)
839 2793 888 2822 [εἰ
907 2803 1091 2822 commeare
1112 2805 1175 2823 une
1197 2797 1293 2824 aulre
1309 2786 1531 2836 partigraplze
1551 2794 1639 2824 dans
1659 2793 1700 2826 G.
