1908 3256
651 336 769 361 Lmen
802 336 1012 362 SECUNDUS
1526 335 1568 367 δι

84 434 167 463 tum
199 437 315 462 suum
358 425 407 461 de
448 424 632 462 habenda
673 425 967 463 christianitate
1001 435 1036 464 et
1073 428 1149 464 fide
1180 429 1288 479 regis
1323 431 1507 469 tenenda.
1538 441 1573 468 ct

85 490 259 528 domnus
282 502 353 526 rex
375 488 567 533 Rau-olus,
592 491 631 527 in
659 490 872 528 Saxoniam
897 492 1068 535 intrans,
1104 495 1289 543 pervenit
1322 496 1369 531 ad
1411 496 1569 532 lluvium

82 555 205 593 Albin
221 555 261 592 in
278 554 409 592 locum
424 554 543 592 Liuni
557 555 571 576 *¹
594 557 788 601 ubi,sacto
805 558 936 608 prelio
954 558 992 594 in
1008 557 1180 596 witzin.
1197 559 1485 598 Abodritorum
1505 576 1571 598 rex

82 635 103 659 a
127 621 356 659 Saxonibus
376 621 538 659 occisus
555 630 631 659 est.
658 622 716 659 lbi
738 631 938 660 venerunt
958 624 1074 660 missi
1100 624 1244 661 Tudun
1262 624 1283 671 ¹,
1309 626 1377 676 qui
1399 626 1572 677 ingente

81 686 332 724 Avarrorum
361 699 546 738 magnam
568 695 810 738 potestatem
829 688 1017 733 habebat,
1037 690 1105 739 qui
1127 690 1317 728 dixerunt
1339 692 1446 741 quod
1469 692 1572 728 idem

83 752 228 789 Tudun
244 764 331 789 cum
348 759 459 789 terra
473 760 511 789 et
531 752 685 803 populo
707 766 780 791 suo
805 767 846 791 se
875 754 964 804 regi
1003 754 1151 791 dedere
1171 755 1305 792 vellet.
1337 755 1423 792 Rex
1459 770 1570 801 vcro,

82 817 241 855 afflictis
257 816 487 855 Saxonibus
509 817 625 869 valde
642 826 679 855 et
701 819 806 855 cesis
829 819 966 870 gladio
998 819 1175 870 trigenta
1209 820 1333 857 millia
1371 830 1572 873 pugnato-

82 896 171 920 rum
193 896 242 920 ex
269 881 364 929 eisj,
386 890 496 920 terra
526 891 680 920 vastata
711 891 748 920 et
781 885 961 935 acceptis
995 886 1043 921 ab
1078 885 1136 922 eis
1183 886 1412 929 obsidibus,
1455 888 1575 925 rediit

80 947 211 999 Aquis
231 955 270 986 et
289 948 346 986 ibi
369 947 550 986 Natalem
574 957 612 986 et
635 948 792 986 Pascha
814 950 1047 987 celebravit.

133 1016 195 1053 13.
220 1036 272 1042 -
292 1012 387 1051 Alio
402 1027 508 1052 anno
530 1013 736 1052 Adrianus
755 1028 860 1066 papa
882 1016 998 1061 obiit,
1026 1024 1064 1053 et
1092 1015 1188 1059 Leo,
1208 1029 1300 1054 mox
1315 1025 1357 1054 ut
1378 1017 1417 1054 in
1439 1018 1570 1056 locum

80 1077 168 1131 ejus
189 1079 405 1125 successit,
430 1080 539 1117 misit
560 1079 717 1132 legatos
748 1094 836 1118 cum
877 1081 1115 1118 muneribus
1155 1082 1203 1119 ad
1240 1095 1404 1133 regem;
1439 1083 1570 1121 claves

79 1145 198 1183 etiam
216 1145 487 1184 confessionis
505 1145 645 1184 Sancti
668 1146 780 1184 Petri
797 1154 834 1184 et
850 1146 1040 1184 vexillum
1064 1147 1177 1184 urbis
1195 1147 1322 1185 Rome
1352 1148 1386 1185 ei
1405 1149 1567 1187 direxit.

78 1210 125 1248 Ei
148 1211 325 1249 Enricus
340 1220 487 1258 autem,
519 1213 600 1249 dux
629 1211 899 1263 Furjulemis,
926 1213 1052 1250 misso
1075 1213 1114 1250 in
1138 1213 1387 1250 Pannoniam
1408 1214 1569 1252 XYono-

78 1277 204 1314 mirro
229 1276 374 1314 Sclavo
389 1277 577 1329 principe
601 1291 690 1323 suo,
717 1277 913 1329 Ringum,
936 1279 1078 1315 ducem
1110 1277 1376 1321 Avarrorum,
1414 1279 1567 1317 interfi-

76 1355 168 1380 cere
190 1342 285 1380 fecit
306 1351 345 1381 et
367 1343 575 1394 Caganum
593 1352 631 1381 et
651 1343 869 1394 Jugurram
890 1343 1067 1394 spoliare
1092 1344 1199 1388 fecit,
1225 1352 1264 1381 et
1284 1343 1565 1383 thesaurorum

76 1407 392 1455 multitudinem,
417 1409 542 1447 multa
562 1409 795 1460 prolixitate
824 1409 1054 1446 seculorum
1074 1422 1094 1446 a
1126 1409 1296 1460 regibus
1316 1409 1565 1448 Avari-orum

75 1473 324 1521 collectamk,
347 1475 497 1512 domno
520 1475 607 1526 regi
649 1474 799 1512 Karolo
834 1474 963 1526 Aquis
1000 1474 1149 1527 palatio
1187 1475 1311 1512 misit.
1357 1475 1446 1523 Quo
1477 1475 1565 1514 the-

74 1552 195 1577 sauro
216 1548 400 1591 accepte,
419 1541 642 1592 gratiarum
664 1540 846 1578 actiones
864 1540 951 1577 Deo
968 1540 1153 1592 largitori
1171 1540 1348 1576 omnium
1366 1541 1563 1579 bonorum

71 1604 248 1656 peregit,
271 1613 311 1643 et
326 1605 421 1643 inde
444 1618 628 1657 magnam
649 1613 806 1657 partem
825 1606 873 1643 ad
893 1605 1031 1642 limina
1046 1604 1339 1656 Apostolorum
1363 1606 1472 1644 misit
1489 1621 1563 1658 per

71 1675 382 1727 Angelbertum,
407 1676 599 1715 dilectum
622 1690 737 1715 suum
757 1676 976 1723 abbatem¹,
1005 1685 1042 1714 et
1064 1677 1261 1727 reliquam
1283 1685 1437 1728 partem
1460 1679 1561 1729 opti-

72 1742 247 1780 matibus
268 1742 354 1780 suis
376 1751 414 1781 et
435 1742 646 1781 monachis
667 1752 703 1780 et
725 1743 886 1780 clericis
902 1743 1075 1794 largitus
1093 1751 1167 1779 est.
1189 1742 1282 1793 Ipso
1295 1756 1399 1779 anno
1417 1743 1560 1782 Tudun

71 1808 295 1845 secundum
316 1808 652 1859 pollicitationem
675 1822 786 1846 suam
822 1822 908 1845 cum
949 1807 1207 1844 multitudine
1236 1807 1485 1846 Avarrorum
1512 1811 1560 1847 ad

71 1885 209 1924 regem
230 1873 357 1918 venit,
381 1881 419 1911 et
441 1887 484 1911 se
504 1874 539 1911 ei
561 1874 715 1911 dedit¹1¹
738 1887 827 1910 cum
850 1873 1003 1924 populo
1027 1881 1064 1910 et
1084 1873 1215 1924 patria
1239 1886 1309 1910 sua
1339 1882 1375 1910 et
1409 1874 1496 1925 ipse
1525 1883 1561 1911 et

68 1938 246 1990 populus
269 1937 373 1990 ejus,
400 1938 623 1976 Christiani
639 1938 746 1982 sacti,
767 1939 959 1989 baptizati
977 1947 1070 1975 sunt
1098 1947 1135 1976 et
1169 1938 1389 1975 honorifice
1420 1952 1561 1976 mune-

69 2003 184 2041 ribus
205 2004 318 2042 ditati
341 2004 592 2042 redieruntn.
618 2004 707 2042 Rex
740 2004 922 2042 collectis
948 2004 1210 2049 exercitibus,
1248 2003 1461 2041 Saxoniam
1495 2005 1557 2041 in·

69 2082 254 2119 gressus,
272 2069 480 2121 Pipinum,
500 2070 624 2108 filium
645 2084 778 2115 suum,
796 2083 933 2122 regem
958 2069 1085 2116 halie,
1103 2070 1144 2107 in
1164 2068 1415 2106 Pannoniam
1432 2069 1554 2106 misit.

70 2133 147 2182 Qui
168 2134 356 2186 Pipinus,
381 2136 602 2173 commisso
623 2136 731 2173 bello
751 2149 839 2173 cum
860 2134 1046 2181 Avarris,
1076 2135 1208 2172 victor
1240 2135 1394 2172 extitit⁰
1424 2143 1461 2171 et
1488 2135 1553 2172 diu

70 2200 223 2238 resedit
242 2200 283 2238 in
306 2200 441 2252 Ringo
462 2201 589 2247 villaf',
607 2209 646 2239 et
660 2214 748 2239 cum
766 2200 902 2238 multis
922 2200 1123 2238 thesauris
1136 2199 1258 2237 rediit
1277 2200 1325 2237 ad
1348 2199 1552 2237 dominum

71 2278 210 2317 regem
228 2265 436 2308 Karolum‚
451 2274 607 2317 patrem
624 2279 755 2310 suum,
769 2266 809 2303 in
828 2265 960 2316 Aquis
976 2265 1183 2317 palatium,
1197 2273 1234 2302 et
1258 2264 1477 2301 celebravit
1499 2265 1552 2301 ibi

72 2331 246 2369 domnus
268 2345 340 2370 rex
356 2331 531 2370 Karolus
553 2331 735 2370 Natalem
758 2339 796 2369 et
820 2331 990 2369 Pascha.
1014 2331 1126 2368 Tune
1149 2330 1393 2374 Barduona,
1412 2330 1552 2367 civitas

73 2396 289 2448 Hispanie,
308 2411 385 2449 que
403 2396 485 2449 jam
513 2398 562 2435 ab
598 2410 645 2435 eo
667 2398 885 2443 defecerat,
900 2410 975 2448 per
1009 2396 1146 2433 Zatum
1174 2396 1396 2446 prefectum
1422 2395 1552 2446 ipsius

73 2463 233 2500 reddita
253 2471 315 2501 est
336 2463 386 2501 ei.
405 2462 505 2500 Nam
526 2463 630 2513 ipse,
649 2463 698 2500 ad
712 2462 904 2514 palatium
932 2462 1115 2507 veniens,
1133 2462 1280 2498 domno
1298 2460 1383 2511 regi
1407 2468 1553 2498 semet-

71 2527 204 2578 ipsum
245 2541 334 2564 cum
357 2527 541 2564 civitateq
581 2527 892 2564 commendavit.
918 2526 1076 2564 Deinde
1103 2525 1309 2577 gloriosus
1337 2538 1422 2571 rex,
1455 2525 1553 2561 facta

74 2593 334 2644 expeditione
356 2593 397 2630 in
419 2592 650 2637 Saxoniam,
674 2605 804 2643 usque
823 2591 1027 2629 Oceanum
1042 2600 1153 2629 trans
1170 2603 1309 2627 omnes
1327 2589 1495 2640 paludes
1517 2598 1553 2626 et

110 2727 147 2766 h)
169 2728 204 2757 in
226 2728 339 2758 locum
361 2727 460 2758 Liuni
483 2728 577 2757 deest
597 2727 634 2761 Ε,
658 2727 695 2762 F,
718 2726 758 2759 G.
776 2745 814 2752 -—
835 2727 857 2766 i)
879 2727 1004 2758 Tudim
1025 2727 1061 2759 F.
1084 2726 1124 2757 G.
1143 2726 1219 2766 -jl
1236 2725 1429 2771 oxdqes'tA,
1454 2725 1489 2754 D
1513 2743 1551 2748 —

67 2768 101 2810 k)
121 2770 306 2800 collectum
325 2771 362 2799 A.
386 2788 424 2792 --
445 2770 469 2809 l)
484 2780 584 2810 pcr...
609 2769 770 2799 abbatem
792 2769 885 2798 deest
918 2769 954 2803 Ε,
978 2769 1013 2803 F,
1048 2768 1087 2800 G.
1111 2785 1149 2790 —-
1172 2771 1216 2808 m)
1237 2767 1436 2813 rz÷dd1d1tl⁴L
1456 2766 1490 2798 l«.
1508 2767 1546 2799 G.

66 2828 107 2833 -—
128 2811 160 2850 n)
182 2815 216 2841 et
235 2811 424 2842 honorifice
451 2811 652 2841 muneribus
674 2810 775 2840 ditati
808 2811 983 2840 redierunt
1010 2809 1102 2838 deest
1133 2811 1169 2838 Α.
1199 2826 1237 2831 -—-
1271 2810 1303 2848 o)
1324 2812 1435 2837 cxtltit
1459 2807 1551 2837 dees!

67 2853 105 2887 A.
122 2853 161 2889 D,
179 2853 215 2883 E.
238 2870 278 2877 —
297 2853 335 2894 p)
354 2853 389 2884 in
410 2852 494 2884 villa
508 2852 619 2893 Ringo
640 2852 678 2888 E,
700 2851 737 2889 F,
760 2851 800 2884 G.
823 2870 862 2874 —
882 2853 917 2892 q)
937 2850 1076 2881 civitate
1103 2861 1165 2880 sua
1187 2850 1222 2882 F.
1239 2850 1278 2880 G.
