1908 3256
642 320 757 345 Lini-:n
796 321 970 346 TERTIUS
1489 317 1555 352 1⁴57

67 408 300 466 captivata,
338 424 416 466 per
450 418 540 450 tres
563 425 700 451 annos
735 410 833 450 exul
874 419 994 451 trans
1027 426 1143 452 mare
1173 421 1238 453 est
1269 422 1454 454 retenta.
1494 416 1556 456 Ex

65 481 276 522 thesauro
295 480 446 522 Sancti
468 480 690 521 Marcialis
707 480 876 521 infinita
895 481 988 522 auri
1012 490 1051 522 et
1075 483 1247 541 argenti
1266 484 1460 540 pondera
1477 502 1554 541 pro

65 551 376 608 redemptione
415 553 508 608 ejus
549 551 646 592 data
682 561 798 602 sunt,
837 552 1054 609 simulque
1084 553 1227 613 imago
1259 571 1387 595 aurea
1417 557 1555 597 saneti

65 623 339 683 archangeli,
365 632 407 665 et
429 623 512 664 alia
534 623 711 679 copiosa
728 632 1001 674 ornamenta,
1022 639 1131 681 quae
1148 625 1293 666 onmia
1315 627 1555 669 Normanni

63 693 330 745 auferentes,
356 694 539 736 mentita
566 694 667 745 fide,
694 694 923 736 mulierem
956 711 1042 736 non
1077 695 1384 747 reddiderunt,
1415 698 1554 740 donee

64 775 165 823 post
187 765 348 807 multos
371 765 465 807 dies
487 765 754 817 Richardus,
781 782 927 807 comes
944 767 1301 827 RotomagensiS,
1321 785 1413 810 earn
1433 769 1552 829 inge-

64 837 188 879 niose
211 854 289 894 per
312 838 822 898 legatosultramarinos
850 839 1107 896 adquireret
1141 849 1183 881 et
1216 840 1308 881 viro
1341 857 1417 883 suo
1452 843 1551 888 &Vi—

61 907 166 950 doni
187 909 374 951 liberam
396 909 643 951 redderet1.

122 980 193 1024 45.
211 1006 269 1012 —-
290 981 464 1022 Bosone
488 980 658 1022 interea
674 981 834 1022 comite
851 981 1076 1023 veneficiis
1098 982 1247 1023 uxoris
1271 999 1371 1024 suae
1396 994 1550 1026 necato

63 1060 107 1094 et
121 1052 434 1112 Petragoricae
457 1052 647 1109 sepulto,
668 1061 710 1093 et
731 1053 840 1094 urbe
863 1053 958 1109 ipsa
980 1069 1001 1094 a
1023 1053 1259 1099 XYillelmo
1282 1054 1390 1096 duee
1408 1066 1548 1113 capta,

69 1131 189 1164 tutor
217 1122 408 1164 filiorum
432 1124 526 1180 ejus
555 1132 597 1164 et
620 1123 795 1180 nepotis
819 1123 899 1165 suit
915 1123 1031 1165 idem
1049 1124 1149 1165 dux.
1176 1126 1231 1166 Et
1252 1124 1342 1166 filio
1365 1127 1551 1168 Bosonis

61 1194 211 1236 Heliae
234 1211 443 1236 concessa
466 1195 575 1236 urbe
598 1195 900 1255 Petragorica,
924 1196 1152 1237 Bernardo
1169 1196 1258 1238 filio
1275 1197 1553 1240 Ilildeberti‘2

59 1264 256 1307 reddidit
290 1266 529 1307 marcham.
566 1266 621 1307 Et
644 1265 783 1307 donec
813 1266 962 1308 viriles
997 1283 1135 1308 annos
1164 1267 1403 1328 attingeret
1436 1278 1552 1310 aetas

63 1336 298 1388 Bernardi,
338 1337 531 1394 injunxit
559 1353 653 1378 eam
688 1337 928 1397 regendam
970 1337 1224 1379 fortissimis
1254 1339 1548 1397 principibuS,

60 1407 232 1449 duobus
273 1408 512 1468 germanis,
567 1409 700 1450 Petro
734 1409 882 1450 abbati
926 1409 1276 1451 scotoriensium
1318 1411 1553 1453 canonico-

61 1479 198 1531 rum3,
230 1489 273 1521 et
305 1480 519 1522 Umberto
546 1481 703 1522 Druto.
737 1480 933 1532 Quorum
963 1490 1088 1538 pater
1117 1480 1243 1523 Abho
1271 1483 1436 1524 Drutus
1465 1499 1552 1524 cas-

58 1560 177 1592 trum
207 1551 433 1593 Bellacum
469 1561 622 1593 contra
656 1567 808 1612 regem
849 1553 1113 1594 Rotbertum
1143 1552 1382 1594 fortissime
1406 1553 1551 1595 (lesen-

60 1621 125 1663 dit
140 1621 194 1662 q4.
238 1622 274 1664 A
311 1622 471 1680 quibus
500 1622 672 1664 duobus
713 1622 953 1664 fortissime
994 1624 1173 1665 Marcha
1230 1624 1409 1666 defensa
1468 1635 1548 1675 est,

59 1710 287 1752 quousque
310 1695 536 1736 Unbertus
558 1694 719 1736 obiret.
744 1695 903 1736 Petrus
926 1696 1076 1745 abbas,
1099 1695 1368 1755 singularem
1391 1696 1552 1753 princi-

59 1774 209 1823 patum
250 1766 475 1823 optinens,
519 1767 711 1807 habebat
752 1766 837 1807 sibi
877 1766 1183 1808 fidelissimum
1214 1767 1550 1824 profundissimi

59 1837 235 1879 consilii
280 1838 525 1879 Ainardum
567 1838 870 1895 praepositum
889 1843 916 1888 Γ,
961 1839 1196 1879 habentem
1243 1839 1352 1880 duos
1394 1838 1550 1880 fratres

57 1909 289 1950 Abbonem
313 1918 356 1950 et
388 1909 701 1961 Raimundum,
734 1909 1065 1951 strenuissimos
1089 1910 1238 1961 duces,
1264 1926 1449 1967 corpore
1484 1927 1549 1951 ro-

59 1981 230 2031 bustos,
256 1980 402 2021 animo
425 1981 679 2031 bellicosos,
706 1997 892 2038 quorum
917 1997 1113 2022 sororem
1137 1981 1401 2023 Aldeardem
1430 1998 1547 2023 acce-

60 2051 125 2108 pit
147 2051 192 2092 in
216 2051 546 2093 matrimonium
569 2051 842 2093 Raimundus
866 2053 1186 2103 Cabannensis,
1212 2054 1406 2110 abnepos
1442 2054 1547 2094 Tur-

58 2123 205 2180 pionis
240 2123 456 2180 episcopi,
492 2123 625 2164 srater
653 2123 883 2165 Adalberti
912 2123 1066 2165 decani
1095 2124 1238 2165 incliti
1261 2134 1302 2165 et
1330 2125 1545 2181 prepositi

60 2210 113 2235 ex
135 2194 403 2236 monasterio
428 2194 578 2236 Sancti
599 2195 845 2245 Marcialis,
872 2195 1112 2255 genuitque
1136 2211 1186 2236 ex
1209 2212 1254 2237 ea
1275 2195 1412 2237 filium
1435 2195 1544 2236 Ade-

98 2341 133 2383 q)
158 2342 219 2372 Hic
256 2342 328 2372 Abo
367 2353 536 2372 consensu
570 2343 745 2372 Aldeberti
785 2343 920 2373 comitis
959 2347 1113 2373 castrum
1147 2344 1413 2373 Mortemarense
1443 2355 1545 2374 eons-

59 2383 166 2414 truxit
186 2384 219 2413 in
236 2384 341 2414 fundo
356 2383 500 2424 proprio
522 2384 602 2413 add.
627 2384 662 2413 C.
678 2401 719 2407 ·—
739 2385 769 2424 r)
787 2385 1027 2425 praepositum
1047 2396 1087 2415 ex
1102 2385 1310 2415 monasterio
1329 2386 1438 2416 sancti
1457 2386 1543 2416 Petri

60 2425 288 2458 Scotoriensi.
314 2425 378 2461 Qui
400 2425 574 2455 Ainardus
595 2425 719 2456 habuit
739 2426 825 2456 duos
853 2426 889 2456 C.

98 2606 129 2637 1.
152 2605 195 2635 Le
213 2607 322 2635 meme
338 2605 401 2635 sait
417 2608 469 2635 est
490 2606 656 2646 rapporte
670 2615 736 2646 par
758 2605 915 2647 Geoffroy
937 2607 977 2636 de
996 2606 1145 2647 Vigeois.
1169 2618 1202 2646 p.
1224 2607 1295 2638 174.

94 2648 124 2678 2.
149 2647 306 2677 Bernard
331 2648 357 2682 Ι,
379 2651 489 2676 comte
505 2647 544 2676 de
573 2647 606 2676 la
628 2647 738 2677 flaute
759 2652 791 2677 et
821 2649 861 2679 de
883 2649 915 2678 la
938 2649 1206 2678 Basso-Marviw
1238 2649 1459 2690 (loos-1047),
1488 2649 1543 2680 fils

52 2688 254 2719 d'Aldehert
274 2689 299 2724 I,
322 2693 432 2718 comte
453 2689 494 2718 de
515 2689 548 2718 la
568 2689 839 2719 liaute-Marche
854 2694 887 2720 et
907 2692 951 2721 du
973 2690 1151 2729 Perigord.

94 2730 127 2761 3.
150 2729 276 2765 Pierre,
303 2730 392 2760 abbe
414 2731 459 2760 du
482 2730 589 2760 Dorat
609 2730 655 2769 (v.
675 2732 749 2769 996)
771 2735 803 2761 et
814 2732 983 2763 Ilumbert
998 2729 1099 2762 Drus.
1121 2731 1183 2770 (Cs.
1203 2730 1292 2762 Gall.
1313 2731 1439 2764 Christ.
1456 2736 1478 2762 t.
1498 2733 1541 2767 11,

49 2771 195 2844 paam),
211 2812 266 2844 ch.
291 2814 341 2844 34.

1658 1000 1728 1028 1006
