1908 3256
632 351 750 376 Lmnn
782 351 994 378 SECUNDUS
1501 345 1552 381 83

68 448 276 481 tarentur‘
298 440 557 480 Tassilonem
576 448 618 478 ut
639 454 720 478 non
739 441 857 478 aliter
882 442 1047 488 faceret,
1071 442 1150 479 nisi
1185 443 1224 479 in
1247 443 1435 481 omnibus
1457 445 1555 482 obe-

65 508 170 546 diret
185 508 333 546 domno
358 506 446 557 regi
466 504 632 552 Karolo,
657 513 695 543 et
718 505 811 543 filiis
835 504 960 557 ejusy,
994 520 1038 544 ac
1064 507 1175 558 genti
1210 506 1473 554 Francorum,
1508 522 1556 547 ne

67 573 278 625 sanguinis
301 571 446 610 effusio
467 570 706 622 proveniret
720 570 783 608 vel
806 570 907 609 lesio
929 579 1036 609 terre
1058 571 1189 623 ipsius
1209 588 1217 618 ;
1243 581 1280 610 et
1296 573 1329 610 si
1351 573 1439 624 ipse
1463 575 1557 619 dux,

67 639 266 676 obdurato
289 637 429 682 corde,
446 636 584 674 verbis
603 636 831 687 Apostolici
855 637 1016 674 minime
1048 637 1247 684 obediret,
1272 646 1366 676 tunc
1388 639 1558 676 domnus

69 717 141 741 rex
160 702 338 741 Karolus
357 710 395 740 et
413 714 511 739 suus
531 701 733 739 exercitus
762 701 938 739 absoluti
976 710 1114 739 essent
1147 703 1195 740 ab
1235 704 1343 740 omni
1378 704 1558 755 periculo

71 769 244 820 peccati,
266 776 304 805 et
319 767 515 819 quicquid
537 766 577 803 in
606 766 695 817 ipsa
716 773 845 804 terraz
867 767 916 804 de
944 767 1146 805 incendiis
1182 769 1377 814 eveniret,
1407 769 1470 806 vel
1511 770 1558 806 dc

72 834 359 886 qualicumque
381 832 546 884 malitia,
572 831 646 870 hoc
675 832 880 883 desupera
901 832 1157 870 Tassilonem
1181 842 1219 871 ct
1239 832 1325 885 ejus
1346 843 1560 872 consenta-

72 913 172 937 neos
196 899 392 945 eveniret,
409 898 583 935 domnus
606 910 677 934 rex
709 897 884 935 Karolus
913 911 957 935 ac
999 898 1144 935 Franci
1179 899 1333 936 innoxii
1368 901 1415 936 ab
1452 900 1559 936 omni

70 965 189 1016 culpa
205 965 350 1002 exinde
366 963 706 1014 permansissent.
726 961 801 999 His
822 963 961 1000 verbis
982 963 1170 1014 expletis,
1195 964 1309 1001 missi
1334 964 1560 1001 Tassilonis

69 1030 245 1068 absoluti
270 1029 498 1067 sunt.Tunc
517 1028 557 1065 in
576 1028 749 1065 invicem
771 1028 849 1065 sibi
872 1029 1045 1066 domnus
1062 1028 1326 1080 Apostolicus
1342 1030 1561 1067 etdomnus

73 1109 143 1134 rex
166 1093 406 1147 gloriosusb
429 1093 604 1131 Karolus
635 1093 925 1139 valedicentes,
965 1094 1249 1132 benedictione
1283 1104 1491 1146 assumpta
1527 1103 1565 1132 ct

73 1168 257 1206 oratione
277 1170 467 1218 peractae
491 1165 718 1211 ‚Franciam
742 1179 830 1203 cum
854 1165 986 1217 gloria
1019 1179 1210 1203 reversus
1231 1174 1307 1212 est,
1341 1159 1562 1201 adducens

75 1249 224 1275 secum
247 1241 450 1274 cantores
471 1232 772 1272 Romanorum
796 1239 839 1272 et
872 1231 1183 1290 grammaticos
1206 1230 1499 1288 peritissimos
1523 1240 1564 1272 ct

72 1304 377 1346 calculatores.
406 1309 682 1359 Pervenitque
704 1308 810 1346 idem
838 1309 1082 1346 mitissimus
1105 1323 1176 1347 rex
1200 1309 1374 1347 Karolus
1395 1310 1444 1347 ad
1467 1323 1564 1346 con-

69 1375 209 1428 jugem
226 1389 338 1413 suam
362 1375 549 1412 domnam
573 1374 824 1421 Fastradam‚
850 1374 1049 1425 reginam,
1071 1375 1111 1411 in
1131 1375 1292 1412 civitate
1324 1374 1562 1413 warmatia.

77 1442 135 1479 lbi
155 1442 203 1479 ad
237 1441 411 1479 invicem
443 1439 573 1491 gavisi
596 1447 690 1477 sunt
707 1439 945 1477 letificantes
968 1453 1012 1477 ac
1030 1439 1105 1477 Dei
1127 1440 1449 1478 misericordiam
1473 1454 1564 1478 con-

75 1507 303 1544 laudantes.
330 1506 409 1544 Ubi
432 1505 620 1543 sinodum
638 1505 919 1557 congregavit,
941 1513 979 1542 et
1000 1505 1094 1543 inde
1116 1506 1225 1543 misit
1240 1506 1288 1543 ad
1312 1506 1565 1543 Tassilonem

76 1581 119 1610 ut
139 1572 274 1609 omnia
306 1571 550 1622 adimpleret
580 1572 804 1608 secundum
830 1569 1063 1622 jussionem
1097 1570 1325 1622 Apostolici
1365 1571 1429 1608 vel
1465 1571 1569 1608 sicut

72 1636 239 1689 justicia
260 1644 358 1682 erat,
383 1649 429 1674 eo
452 1636 561 1687 quod
580 1637 655 1673 sub
672 1634 940 1687 jurejurando
962 1635 1237 1687 promissum‘l
1259 1636 1442 1683 habebat,
1466 1644 1508 1674 ut
1529 1636 1568 1673 in

79 1702 268 1740 omnibus
291 1701 488 1739 obediens
508 1710 547 1739 et
566 1700 698 1738 fidelis
722 1710 830 1739 esset
852 1701 888 1739 ei
919 1710 958 1739 et
982 1701 1076 1739 filiis
1116 1700 1201 1753 ejus
1241 1711 1280 1740 et
1314 1701 1496 1747 Francis,
1533 1709 1571 1738 et

79 1769 128 1806 ad
151 1767 238 1820 ejus
266 1767 517 1819 presentiam
544 1766 716 1804 veniret.
745 1766 864 1814 Quod
898 1767 1033 1804 renuit
1064 1775 1102 1805 et
1137 1767 1276 1805 venire
1311 1766 1568 1818 contempsit.

80 1833 194 1871 Tunc
216 1834 390 1871 domnus
404 1846 476 1870 rex
493 1832 668 1870 Karolus
692 1832 872 1870 sentiens
889 1830 1094 1884 justiciam
1117 1846 1244 1880 suam,
1267 1833 1404 1884 pergit
1424 1830 1570 1883 Bajoa-

82 1899 180 1938 riam
201 1899 394 1950 venitque
415 1899 456 1936 in
479 1898 568 1936 loco
588 1898 657 1950 qui
679 1898 830 1936 dicitur
851 1898 1028 1936 Letssede
1047 1911 1172 1950 super
1192 1898 1393 1936 civitatem
1412 1897 1573 1950 Augus·

82 1973 176 2003 tam.
198 1964 250 2002 Et
266 1963 392 2015 jussit
411 1964 499 2002 fieri
515 1964 636 2001 alium
659 1964 881 2002 exercitum
902 1965 950 2002 de
977 1963 1206 2002 Austrasiis
1237 1972 1275 2002 et
1311 1963 1504 2015 Toringis
1535 1971 1572 2000 et

83 2030 330 2075 Saxonibus,
354 2038 392 2067 et
413 2043 455 2067 se
477 2028 801 2081 conjunxeruntr
822 2043 948 2081 super
969 2029 1199 2067 Danubium
1227 2029 1391 2067 fluvium
1421 2029 1460 2066 in
1484 2029 1572 2066 loco

84 2096 153 2147 qui
176 2095 328 2133 dicitur
350 2095 543 2146 Faringa,
564 2103 602 2133 et
620 2095 784 2133 tertium
806 2095 1026 2133 exercitum
1044 2093 1170 2146 jussit
1189 2095 1277 2132 fieri
1296 2095 1346 2132 de
1361 2094 1510 2132 Italicis
1533 2101 1574 2131 ut

83 2161 190 2198 filius
215 2159 301 2212 ejus
326 2160 500 2212 Pipinus
522 2174 592 2198 rex
606 2161 765 2198 veniret
786 2174 916 2211 usque
939 2161 988 2198 ad
1012 2160 1200 2198 Triantog
1221 2168 1259 2198 et
1275 2160 1329 2197 ibi
1350 2166 1575 2196 maneretet

86 2226 308 2264 exercitum
328 2239 443 2263 suum
455 2224 650 2277 pleniter¹¹
667 2226 707 2262 in
722 2234 813 2263 ante
829 2226 1007 2264 mitteret
1019 2239 1149 2277 usque
1165 2226 1214 2263 ad
1228 2224 1575 2263 Bauzanumffas·

88 2292 165 2329 silo
177 2292 322 2329 videns
338 2305 380 2328 se
404 2291 694 2329 circumdatum
712 2304 760 2328 ex
783 2291 891 2328 omni
913 2299 1044 2342 parte,
1058 2291 1286 2342 vidensque
1303 2291 1411 2342 quod
1437 2302 1577 2327 omnes

88 2356 269 2408 Bajoarii
303 2356 395 2408 plus
431 2365 570 2394 essent
595 2356 736 2393 fideles
763 2357 912 2394 domno
935 2357 1022 2408 regi
1057 2356 1206 2394 Karolo
1247 2369 1364 2407 quam
1405 2355 1498 2401 sibi,
1540 2362 1577 2391 ct

93 2420 606 2474 cognovissentjusticiam
629 2422 766 2459 domni
798 2421 926 2474 regisi
959 2429 997 2459 et
1032 2422 1160 2473 magis
1200 2421 1350 2459 vellent
1379 2419 1575 2471 justitiam

93 2488 329 2525 consentire
352 2501 469 2539 quam
491 2487 683 2524 contrarii
706 2500 811 2533 esse,
837 2488 1100 2525 contristatus
1116 2487 1311 2538 undique,
1342 2485 1507 2523 tradidit
1534 2498 1576 2520 se

91 2553 228 2604 ipsum
247 2553 396 2591 domno
415 2553 503 2604 regi
526 2552 677 2590 Karolo
699 2553 740 2590 in
762 2553 948 2591 manibus
975 2553 1016 2590 in
1037 2550 1296 2590 vassaticumj
1332 2559 1369 2588 et
1402 2550 1579 2588 reddidit

144 2708 176 2746 x)
198 2711 434 2737 contestarent
455 2707 490 2736 E.
507 2706 593 2747 ——y)
627 2717 666 2736 ac
687 2706 759 2736 filio
782 2705 817 2741 F.
841 2706 881 2737 G.
898 2723 939 2730 --
958 2706 987 2747 z)
1010 2710 1101 2735 terra
1123 2705 1215 2734 deest
1249 2704 1282 2739 F,
1300 2704 1339 2732 G.
1363 2721 1401 2725 —-
1423 2704 1454 2742 a)
1478 2712 1581 2742 super

106 2748 144 2784 E,
162 2749 199 2783 F,
222 2748 262 2780 G.
284 2765 324 2771 —
344 2749 380 2789 b)
401 2748 576 2789 gloriosus
607 2748 700 2777 deest
720 2748 757 2783 E,
786 2747 821 2784 F,
844 2747 883 2779 G.
918 2765 959 2770 —-
978 2748 1009 2786 c)
1037 2747 1069 2776 in
1092 2746 1274 2777 Franciam
1303 2746 1339 2779 1),
1364 2745 1399 2777 E,
1425 2745 1458 2777 1⁰.
1481 2744 1520 2775 G.
1543 2760 1582 2768 --

106 2791 139 2830 d)
155 2789 370 2831 permissum
399 2792 435 2820 A.
448 2808 486 2812 —
501 2790 530 2829 e)
547 2789 659 2819 Lefled
673 2789 757 2820 F.-—
775 2790 799 2829 f)
822 2800 857 2818 se
878 2790 970 2818 deest
986 2790 1023 2824 A,
1037 2785 1471 2825 D‚E.-g>1‘1·i:.111111nl‹',
1494 2785 1532 2830 G.
1545 2802 1585 2807 -

105 2831 139 2866 h)
160 2831 308 2871 pleniter
328 2831 422 2861 deest
440 2832 477 2867 E,
501 2831 538 2867 F,
560 2830 599 2862 G.
622 2849 660 2852 —
680 2830 705 2868 i)
726 2834 759 2860 et
779 2841 952 2871 cognov...
981 2830 1073 2870 regis
1095 2830 1186 2859 deest
1207 2829 1242 2864 E,
1278 2828 1312 2864 F,
1335 2828 1374 2859 G.
1427 2844 1464 2850 —
1495 2827 1520 2866 J)
1552 2826 1586 2855 in

106 2872 268 2904 manibus
283 2872 318 2903 in
339 2873 553 2904 vassaticum
571 2872 715 2908 deestE,
738 2871 775 2908 F,
797 2872 837 2904 G.
