1908 3256
128 1754 179 1781 {1²13

45 2109 107 2141 900,
128 2109 163 2135 ‘20
178 2116 247 2136 nov.

126 2183 160 2209 05
165 2183 178 2209 ἰ

312 277 386 313 148
827 287 1014 313 [mmmm
1048 284 1288 310 CIIRONICON

310 377 500 434 plurimo
523 387 722 435 tempore
752 377 796 419 in
834 385 986 418 turreg
1015 374 1204 417 civitatis
1245 373 1501 416 Lemovieae
1540 373 1804 423 custoditus,

308 450 484 491 tandem
527 450 695 492 solutus
725 460 804 496 est.
846 458 1025 506 accepta
1064 448 1107 489 in
1151 448 1359 507 conjugio
1410 463 1561 489 sorore
1601 446 1808 491 Widonis

308 523 597 573 vicecomitis,
626 539 677 564 ex
705 539 787 581 qua
817 523 954 564 filium
980 522 1133 582 genuit
1153 521 1446 562 Bernardum.

366 595 435 638 26.
454 621 511 626 —
526 595 586 635 Eo
600 604 816 651 tempore,
843 594 985 636 adhue
1002 594 1174 635 vivente
1191 593 1416 650 Turpione
1443 593 1671 650 episcopo,
1691 592 1804 634 Odo1

309 675 351 708 et
367 665 611 716 Teotolo²¹¹‚
635 667 839 708 canonici
858 667 1008 708 Sancti
1025 666 1206 707 Martini
1227 665 1542 717 illustrissimi,
1559 664 1807 722 adimplen-

310 747 374 780 tes
396 738 698 797 evangelicum
723 748 1028 795 praeceptum,
1055 737 1294 780 dereleetis
1334 737 1557 788 omnibus,
1587 752 1809 794 pauperes

310 826 554 868 pauperem
580 810 807 852 Christum
832 811 971 852 secuti
992 819 1109 861 sunt,
1141 819 1183 852 et
1219 810 1431 852 Cluniaeo
1464 818 1616 851 saneto
1657 808 1811 850 habitu

311 899 358 923 ac
380 882 465 922 vita
491 882 634 923 induti
652 892 768 924 sunt.
795 882 921 924 Unde
945 891 1099 939 postea
1121 882 1203 923 Dei
1227 891 1334 923 nutu
1359 882 1443 923 Oto
1466 882 1600 923 abbas
1622 879 1814 937 praefuit

311 953 652 1004 sanctissimusi,
685 964 728 995 et
763 963 863 1011 post
896 970 994 995 euni
1040 963 1216 995 sanctus
1252 953 1459 1010 Majolus.
1505 951 1706 1003 Teotolo,
1738 953 1811 1009 ju-

312 1026 441 1066 bente
476 1026 633 1067 abbate
663 1042 757 1076 suo,
796 1026 1161 1082 archiepiscopus
1208 1025 1370 1067 invitus
1424 1033 1709 1067 consecratus
1745 1034 1811 1066 est

311 1097 517 1137 Turonis.
542 1097 621 1137 llic
646 1098 954 1139 sanctissimus
972 1097 1068 1138 Odo
1084 1106 1125 1138 et
1143 1097 1306 1138 litteris
1323 1096 1525 1155 adprime
1549 1095 1810 1138 liberalibus

310 1168 509 1209 eruditus
533 1178 575 1209 et
597 1169 679 1209 Dei
707 1186 855 1211 amore
887 1168 1276 1229 flagrantissimus,
1304 1168 1507 1226 exemplo
1530 1177 1572 1209 et
1607 1167 1811 1209 doctrina

309 1240 577 1296 apostolieae
595 1241 788 1301 regolae,
818 1258 928 1299 quae
953 1250 1019 1282 est
1042 1242 1378 1292 monachorum,
1416 1240 1562 1282 extitit
1595 1248 1811 1281 restaura-

308 1320 377 1352 tor
398 1322 621 1354 strenuus.
1133 1358 1137 1363 .

366 1385 439 1427 ⁸27.
464 1411 521 1415 —
543 1386 665 1426 Tunc
707 1386 826 1427 Roso
862 1385 1106 1435 defunctoi,
1139 1385 1255 1426 filius
1304 1385 1398 1441 ejus
1431 1383 1685 1429 VVillelmus
1715 1383 1812 1425 loco

310 1456 403 1512 ejus
421 1456 654 1513 praefuit³‚
681 1474 703 1498 a
726 1457 924 1514 puericia
958 1457 1222 1514 baptizatus,
1249 1457 1481 1514 omnisque
1514 1471 1666 1498 eorum
1705 1457 1812 1497 Nor-

310 1543 587 1579 mannorum,
615 1529 690 1586 qui
723 1530 848 1586 juxta
878 1529 1103 1571 Frantiam
1144 1528 1547 1578 inhabitaverant&
1574 1527 1811 1569 multitudo

308 1598 439 1640 fidem
464 1600 633 1642 Christi
664 1601 875 1658 suscepit,
908 1611 950 1642 et
977 1601 1190 1661 gentilem
1226 1600 1422 1660 linguam
1470 1599 1728 1650 obmittens,
1754 1599 1811 1640 la-

308 1670 401 1712 tino
420 1688 623 1713 sermone
648 1672 891 1714 assuefacta
914 1682 994 1714 est.
1021 1673 1249 1717 willelmo
1285 1673 1338 1713 ab
1380 1663 1583 1722 Arnulfo,
1628 1670 1811 1713 Flande—

309 1742 421 1783 lensi
445 1743 621 1794 comite,
649 1744 750 1785 dolo
774 1744 1061 1801 interempto,
1099 1744 1215 1785 filius
1238 1745 1332 1801 ejus
1374 1743 1624 1785 Richardus
1666 1758 1812 1784 succe·

310 1814 456 1865 dens,“
478 1815 877 1857 christianissimus
906 1816 1061 1867 factus,
1089 1815 1336 1857 aedificavit
1364 1815 1408 1856 in
1445 1831 1494 1856 ea
1521 1813 1808 1866 Normannia,

309 1902 419 1943 quae
445 1895 572 1928 antea
611 1888 849 1928 vocabatur
881 1889 1058 1929 marcha
1086 1887 1299 1929 Franciae
1335 1897 1378 1929 et
1411 1887 1685 1939 Britanniae,
1723 1902 1809 1928 mo-

308 1957 550 1999 nasterium
582 1958 732 2000 Sancti
761 1958 992 2000 Michaelis
1016 1959 1068 2000 de
1098 1960 1264 2010 Monte,
1296 1959 1373 2000 ubi
1415 1959 1654 2001 monachos
1694 1957 1810 2000 ordi·
1860 1989 1874 2014 4

308 2028 560 2077 navit,item
584 2030 901 2071 monasterium
917 2030 1211 2072 Fiscannum⁵
1234 2030 1278 2071 in
1301 2031 1470 2073 honore
1494 2046 1688 2072 summae
1717 2029 1810 2071 Tri-

308 2100 475 2151 nitatis,
495 2101 571 2142 ubi
600 2102 801 2159 sepultus
825 2112 890 2143 est
912 2102 1023 2159 ipse,
1050 2102 1125 2143 ubi
1143 2112 1185 2144 et
1211 2104 1451 2144 monachos
1482 2102 1646 2160 posuit.
1677 2103 1809 2144 Fran-

307 2188 457 2213 corum
481 2172 651 2214 interea
673 2189 778 2233 rege
811 2173 1033 2215 Ludovico
1068 2174 1154 2215 vita
1190 2183 1395 2225 exeunte,
1421 2174 1624 2235 regnavit
1657 2190 1738 2232 pro
1759 2189 1810 2215 eo

306 2244 557 2295 Lotharius,
583 2244 698 2286 filius
723 2246 816 2302 ejus
840 2261 892 2287 ex
915 2247 1145 2305 Gerberga
1173 2246 1327 2306 regina
1350 2246 1629 2307 progenitus.

1854 2337 1870 2362 Ε

349 2357 383 2397 g)
406 2367 441 2386 re
461 2358 497 2386 A.
539 2374 578 2379 -—
617 2356 651 2395 h)
686 2357 827 2387 Teotolo
848 2361 881 2387 et
908 2357 981 2388 Odo
1013 2358 1238 2399 supradictus
1269 2359 1351 2389 dum
1378 2363 1494 2390 essent
1520 2358 1690 2395 canonici,
1719 2358 1812 2391 C.—

304 2398 329 2430 it
351 2399 522 2428 secundus
550 2409 570 2428 a
591 2398 706 2439 primo
727 2399 855 2428 abbate
877 2399 1049 2439 ejusdem.
1077 2400 1155 2430 Fuit
1175 2400 1266 2430 enim
1287 2401 1424 2441 primus
1446 2401 1557 2431 Berno
1579 2405 1612 2431 et
1637 2400 1809 2431 secundus

305 2439 414 2472 Oddo,
433 2440 611 2470 Testolo...
629 2440 663 2472 C.
686 2440 765 2482 —j)
787 2441 912 2472 comite
934 2442 1150 2473 Rodomense
1172 2442 1254 2473 add.
1278 2443 1312 2475 C.
1329 2461 1370 2466 —-
1390 2443 1424 2484 k)
1450 2442 1713 2474 inhabitaverat
1727 2443 1764 2474 A.

348 2596 376 2626 1.
399 2596 435 2625 St
458 2595 571 2624 Eudes
595 2596 646 2625 fut
667 2595 756 2625 abbe
773 2595 814 2626 de
837 2596 949 2636 Cluny
965 2597 1091 2638 depuis
1112 2599 1173 2628 926
1188 2602 1221 2628 et
1244 2602 1384 2628 mourut
1404 2599 1424 2629 ὁ
1440 2599 1615 2629 St-Julien
1636 2599 1678 2630 de
1698 2600 1808 2631 Tours

310 2638 341 2668 le
363 2638 400 2667 18
417 2648 496 2667 nov.
515 2637 585 2666 943.
614 2638 652 2666 St
673 2637 822 2677 Mayeul,
847 2649 910 2668 son
935 2649 1152 2675 successeur,
1176 2645 1319 2670 mourut
1339 2640 1370 2670 Ie
1391 2641 1427 2670 11
1453 2641 1522 2670 mai
1552 2642 1623 2671 994.

349 2680 377 2708 2.
402 2678 594 2709 Theotolon
616 2678 735 2709 devint
757 2679 975 2720 archeveque
999 2681 1040 2711 de
1062 2682 1173 2712 Tours
1198 2693 1276 2713 vers
1298 2683 1358 2712 932
1379 2686 1412 2711 et
1439 2687 1579 2713 mourut
1608 2683 1711 2723 apres
1738 2683 1810 2713 947.

348 2722 378 2750 3.
404 2719 601 2751 Guillaume
623 2721 648 2753 Ι,
677 2720 937 2762 Longue-Epe'e‚
962 2722 1027 2752 duc
1043 2723 1083 2754 de
1104 2724 1319 2754 Normandie
1340 2724 1522 2765 (927-943).

350 2763 379 2791 si.
410 2761 564 2792 Richard
587 2762 612 2796 Ι,
633 2762 840 2797 Sans-Peur,
863 2764 1010 2794 943-996.

352 2805 380 2832 ἶ).
412 2803 559 2843 Fe'camp
584 2804 936 2844 (Scine-lnferieure).
