1908 3256
1550 315 1569 323 ,-

676 321 791 345 Lini-211
825 321 1036 346 SECUNDUS
1555 316 1597 349 tii

106 413 173 464 qui
213 412 252 449 in
284 412 374 462 ipso
407 412 574 448 aderant
608 411 787 448 exercitu
822 411 900 447 duo
930 409 1100 461 juvenes
1134 412 1172 448 in
1216 413 1339 449 albis*
1385 415 1589 451 basilicam

106 479 154 515 ab
177 478 269 529 igne
290 478 573 528 protegebant.
602 476 651 514 Et
671 484 889 527 propterea
920 476 1070 513 ibidem
1094 491 1173 514 non
1213 486 1431 528 potuerunt
1465 493 1593 530 neqm¹

104 544 275 582 interius
298 556 429 593 neque
452 542 655 579 exterius¹
678 542 811 592 ignem
829 542 1073 585 accendere,
1106 556 1175 579 nec
1209 543 1373 593 aliquod
1403 544 1590 581 damnum

105 610 254 647 inferre
277 608 458 652 basilice,
483 608 554 644 sed
579 616 685 644 motu
714 607 848 644 divine
872 605 1092 656 majestatis
1114 621 1262 658 pavore
1291 609 1514 659 perterriti,
1557 610 1595 646 in

107 676 239 726 sugam
262 673 450 711 conversi
473 681 580 716 sunt,
606 672 765 709 nemine
796 680 1084 723 persequente.
1121 672 1341 710 Inventus⁴¹1
1382 683 1441 711 est
1464 682 1594 711 autem

105 748 248 791 postea
267 752 370 777 unus
394 752 441 776 ex
456 738 586 775 isdem
609 737 855 781 Saxonibus,
877 746 1059 774 mortuus
1077 736 1191 788 juxta
1214 739 1341 788 ipsam
1372 739 1595 779 basilicam.

106 805 278 857 genibus
300 804 435 842 curvis
459 803 668 841 adelinusv
692 815 816 853 supra
836 803 978 853 pedes,
997 802 1149 839 habens
1173 803 1305 853 ignem
1339 813 1376 841 et
1410 804 1519 854 ligna
1557 804 1596 841 in

106 870 307 916 manibus,
327 869 448 908 velud
471 883 541 906 ore
566 866 698 905 flando
722 869 891 905 eandem
912 868 1119 904 basilicam
1142 868 1226 919 igni
1248 870 1408 906 tradere
1443 870 1598 907 voluis-

108 945 181 974 set.
208 935 393 973 Domnus
415 948 515 972 vero
539 934 710 972 Carolus
727 947 813 977 rex,
837 935 1011 970 obsessa
1026 933 1166 984 Papia,
1187 934 1445 972 Desiderium
1464 948 1600 986 regem

106 1002 160 1039 ibi
183 1001 363 1046 inclusit,
388 1010 427 1039 et
448 1001 503 1038 ibi
535 1000 717 1038 Natalem
741 999 907 1036 Domini
948 1000 1168 1039 celebravit
1205 1010 1241 1038 et
1279 1000 1433 1038 l'asclia
1456 1001 1598 1038 Rome.

159 1077 196 1113 3.
220 1097 270 1102 —
292 1074 501 1111 Reversus
534 1086 632 1111 vero
679 1072 852 1109 domnus
898 1072 1069 1110 Carolus
1110 1087 1181 1110 rex
1212 1087 1231 1109 a
1277 1073 1418 1115 Roma,
1457 1072 1600 1110 iterum

108 1139 273 1191 Papiam
289 1145 303 1161 Χ
326 1140 487 1177 obsedit
508 1147 546 1176 et
568 1139 727 1176 fortiter
749 1138 856 1188 cepit
877 1146 914 1175 et
930 1138 1189 1175 Desiderium
1214 1152 1350 1189 regem
1373 1151 1461 1174 cum
1478 1151 1602 1174 uxore

107 1215 145 1244 et
165 1205 246 1242 filia
267 1214 305 1243 et
327 1218 417 1242 curn
452 1205 641 1242 omnibus
674 1203 879 1241 thesauris
900 1204 1043 1255 palacii
1067 1203 1152 1255 ejus
1175 1204 1343 1255 accepit.
1370 1203 1601 1240 Venerunt-

108 1287 185 1325 que
208 1273 263 1310 ibi
285 1286 426 1310 omnes
450 1272 709 1323 Langobardi
733 1272 781 1309 de
799 1273 955 1310 cunctis
979 1272 1211 1310 civitatibus
1241 1272 1352 1309 ltalie
1389 1279 1425 1308 et
1459 1271 1601 1308 subdi-

107 1340 254 1377 derunt
275 1352 318 1376 se
332 1338 513 1376 dominio
553 1337 690 1375 domni
732 1338 904 1389 gloriosi
944 1339 1054 1390 regis
1088 1338 1238 1375 Caroli.
1279 1337 1448 1388 Adalgis
1487 1350 1601 1381 vero,

106 1407 212 1444 filius
236 1406 442 1444 Desiderii
468 1406 594 1456 regiS,
620 1407 712 1457 suga
735 1407 890 1457 lapsus,
916 1420 1024 1444 mare
1047 1406 1229 1444 introivit
1251 1413 1287 1442 et
1311 1405 1603 1443 Constantino-

106 1472 233 1524 polim
271 1472 445 1523 perexit.
501 1471 720 1509 Gloriosus
768 1472 903 1523 itaque
936 1473 1109 1509 domnus
1148 1485 1219 1508 rex
1259 1470 1449 1516 Karolus,
1492 1469 1603 1508 Italia

108 1539 337 1592 subjugata,
373 1540 558 1577 ordinata
587 1541 773 1578 custodia
804 1540 1052 1578 Francorum
1088 1541 1125 1577 in
1161 1540 1301 1591 Papia,
1330 1553 1418 1577 cum
1459 1552 1603 1589 magno

106 1606 329 1657 triumpho,
365 1605 452 1643 Deo
487 1604 717 1656 adjuvante,
751 1620 839 1644 cum
866 1620 992 1643 uxore
1027 1620 1098 1643 sua
1132 1615 1170 1644 et
1202 1605 1370 1656 reliquis
1401 1604 1566 1642 Francis
1590 1609 1602 1631 Υ

107 1687 298 1712 reversus
317 1682 379 1711 est
400 1674 440 1711 in
458 1673 683 1711 Franciam.
710 1675 1046 1726 perveniensque
1076 1675 1115 1712 in
1149 1675 1280 1712 locum
1322 1673 1390 1724 qui
1433 1673 1602 1710 dicitur²

109 1739 339 1792 Ingilinaim
361 1739 471 1777 misit
492 1748 665 1790 quatuor
700 1754 836 1778 scaras
873 1741 913 1778 in
950 1741 1183 1787 saxoniam,
1215 1754 1291 1791 que
1315 1740 1494 1776 inierunt
1518 1747 1601 1776 tres

104 1822 263 1860 pugnas
287 1821 376 1845 cum
417 1807 648 1846 Saxonibus
666 1817 719 1855 et,
737 1809 954 1847 auxiliante
972 1809 1165 1853 Domino,
1182 1809 1360 1847 victores
1384 1807 1602 1844 extiterunt

107 1883 146 1913 et
166 1888 254 1912 curn
267 1874 394 1925 preda
416 1887 560 1925 magna
580 1874 700 1911 inlesi
721 1874 867 1912 iterum
890 1883 1152 1913 revertuntur
1173 1875 1220 1911 ad
1242 1874 1424 1925 propria,
1450 1880 1487 1909 et
1502 1872 1603 1909 cele-

107 1942 239 1979 bravit
254 1941 460 1993 gloriosus
478 1955 548 1978 rex
572 1941 762 1980 Carolusa
777 1943 959 1980 Natalem
976 1951 1015 1980 et
1036 1943 1193 1980 Pascha
1208 1943 1248 1979 in
1270 1942 1363 1979 villa
1378 1941 1598 1979 Carisiaco.

109 2008 220 2045 Tunc
243 2007 380 2044 habuit
397 2007 586 2045 sinodum
609 2008 648 2044 in
669 2008 765 2046 villa
787 2009 928 2054 Duria,
948 2018 987 2047 et
1008 2009 1100 2046 inde
1138 2009 1305 2045 habiens
1322 2015 1459 2058 partes
1478 2006 1600 2043 Saxo-

106 2076 185 2121 nie,
206 2075 472 2127 Sigiburgum
494 2084 668 2113 castrum
685 2077 806 2127 cepit,
829 2085 866 2114 et
884 2077 1164 2127 Eresburgum
1179 2076 1194 2098 ¹³
1210 2076 1455 2114 reedificavit
1479 2088 1602 2125 super

105 2141 316 2178 VVisoram
339 2140 733 2193 ssuvium.Venitque
755 2143 803 2180 ad
823 2142 955 2180 locum
979 2143 1047 2193 qui
1065 2143 1213 2180 dicitur
1232 2142 1381 2179 Brunis
1402 2141 1542 2191 Gurgo
1566 2149 1603 2177 et

107 2208 162 2245 ibi
179 2210 454 2260 preparabant
478 2208 659 2246 Saxones
686 2210 850 2254 bellum,
875 2210 1060 2247 volentes
1074 2211 1290 2247 defendere
1313 2210 1438 2260 ripam
1461 2222 1601 2259 supra-

107 2273 204 2310 dicti
245 2273 437 2311 fluminis.
476 2273 647 2310 Francis
687 2288 784 2311 vero
818 2275 1103 2325 preliantibus,
1140 2275 1356 2312 auxiliante
1407 2273 1596 2313 Domino,

109 2340 291 2379 Saxones
314 2342 474 2393 fugiunt
489 2350 526 2378 et
554 2341 699 2379 Franci
722 2344 858 2380 ambas
885 2343 996 2394 ripas
1019 2344 1218 2387 obtinent,
1244 2351 1281 2379 et
1321 2343 1494 2379 domnus
1532 2354 1599 2378 rex

107 2405 294 2451 Carolus,
320 2407 451 2444 diviso
468 2407 648 2444 exercitu
671 2421 759 2452 suo,
786 2408 932 2446 sumsit
955 2422 1090 2446 secum
1109 2422 1210 2459 quos
1228 2408 1353 2445 voluit
1381 2415 1417 2444 et
1444 2406 1600 2457 perexit

106 2487 236 2525 usque
259 2475 307 2511 ad
330 2474 528 2512 BacrumC
550 2475 727 2512 fluvium.
756 2476 896 2527 Ibique
918 2490 1058 2514 omnes
1085 2476 1230 2514 Austre
1246 2476 1360 2513 >leudi
1392 2475 1594 2512 Saxonum

106 2552 194 2576 cum
217 2538 392 2577 Assione
414 2539 543 2577 dueed
564 2540 773 2578 venientes
794 2542 994 2579 dederunt
1015 2542 1180 2579 obsides
1204 2540 1317 2592 juxta
1357 2540 1465 2591 quod
1506 2539 1593 2589 pla-

150 2708 178 2740 sl
194 2709 284 2739 albis
311 2709 368 2750 qui
385 2711 419 2743 F,
438 2710 476 2741 G.
493 2728 534 2733 -—-
548 2710 573 2749 l.)
605 2711 774 2741 exercitus
790 2713 826 2741 A.
844 2730 885 2735 -—-
899 2713 934 2752 u)
964 2712 1142 2743 inventum
1165 2714 1201 2743 A.
1220 2712 1256 2742 D.
1277 2712 1310 2742 F.
1323 2711 1360 2741 G.
1380 2729 1418 2733 -
1440 2711 1472 2749 v)
1488 2710 1595 2739 areli-

107 2749 161 2779 nis
178 2750 213 2785 F,
236 2751 274 2781 G.
297 2752 383 2791 —x)
400 2752 508 2792 Papia
532 2754 567 2781 A.
581 2770 621 2774 -
641 2753 675 2792 y)
695 2763 774 2783 cum
799 2764 904 2783 uxore
938 2765 999 2784 sua
1020 2758 1053 2783 et
1074 2754 1217 2793 reliquis
1242 2753 1380 2782 From-is
1403 2752 1495 2780 deest
1512 2752 1545 2780 E.
1563 2769 1603 2774 —-

108 2791 137 2829 z)
153 2791 209 2830 qui
227 2792 354 2822 dicitur
368 2793 460 2823 deest
475 2794 510 2828 F,
528 2795 567 2824 G.
590 2812 631 2817 —
651 2795 846 2826 aldomnus
859 2796 896 2827 K,
920 2796 954 2828 F.
979 2796 1018 2826 G.
1036 2814 1077 2818 ——
1098 2796 1129 2833 b)
1148 2794 1374 2833 Sigiburguin
1397 2794 1429 2824 ls.
1453 2794 1534 2825 1³,st
1562 2811 1601 2814 ——

107 2833 137 2873 c)
159 2833 307 2864 Bracum
329 2835 365 2870 E,
383 2835 418 2871 F,
442 2835 481 2865 G.
498 2853 538 2857 -
560 2836 593 2873 d)
617 2836 702 2865 duce
724 2837 816 2866 deest
837 2837 875 2872 D,
894 2837 929 2872 E,
950 2838 983 2871 1³,
1007 2837 1045 2867 G.
