1908 3256
674 360 789 385 Lmen
821 360 994 385 'ren‘rnxs
1506 348 1574 382 113

85 465 162 504 que
185 451 429 503 Algerium‘‚
452 459 640 501 nepotem
672 448 890 487 XVinrochi
920 449 1049 488 ducis,
1078 462 1166 485 (eum
1202 448 1390 485 Niceforo
1414 457 1450 485 et
1490 462 1575 485 cum

86 521 290 559 Cadalone
314 520 354 556 in
377 519 632 561 Dalmatiam,
658 518 813 568 legatos
843 530 1004 567 quoque
1047 516 1323 553 Abderraman
1364 525 1456 566 post
1497 525 1577 552 tres

88 599 249 624 menses
272 585 467 623 remisit⁵.
493 584 604 621 Tunc
628 584 698 620 filii
729 582 959 625 Godesridi,
1001 582 1110 633 regis
1149 581 1370 621 Danorum.
1413 590 1579 632 propter

87 654 294 692 assiduam
318 653 618 691 infestationem
642 651 799 696 Eroldi,
824 651 1022 687 miserunt
1038 651 1087 687 ad
1108 650 1406 700 imperatorem,
1436 659 1578 700 postu-

90 720 219 757 lantes
244 720 292 757 de
315 733 428 770 pace,
452 718 740 770 promittentes
764 730 848 754 eam
872 730 913 753 se
937 729 1113 753 servare.
1141 716 1219 752 Sed
1243 729 1330 752 cum
1354 716 1423 752 hec
1453 716 1578 752 simu-

92 788 170 826 lata
193 787 322 839 magis
346 800 465 838 quam
486 786 639 824 veratia
660 785 911 830 viderentur,
934 784 1043 821 velut
1064 784 1196 821 inania
1217 784 1400 833 neglecta
1422 792 1528 822 sunt.
1545 792 1579 819 et

94 853 285 891 auxilium
311 861 450 890 contra
478 865 549 889 eos
579 851 733 888 Eroldo
755 851 904 888 datum.
941 849 1052 886 Luna
1086 851 1210 886 nona²
1245 850 1448 889 februarii,
1485 849 1581 885 bora

95 919 226 957 noctis
247 917 654 964 secunda,desecit,et
670 925 847 954 cometae
863 916 901 952 in
919 916 1037 966 signo
1051 915 1275 966 Agitatoris
1291 923 1576 966 apparuerunt.

96 987 304 1038 Stephano
325 995 419 1024 tunc
441 999 546 1037 papa
575 987 765 1031 obeunte,
789 997 862 1021 vul
888 984 966 1021 kal.
1004 984 1210 1029 februarii,
1239 983 1461 1028 Paschalis,
1495 983 1580 1034 ejus

96 1065 329 1097 successor,
351 1052 472 1089 mittit
502 1051 738 1102 imperatori
762 1049 974 1102 epistolam
997 1049 1304 1093 excusatoriam,
1328 1049 1367 1086 in
1396 1062 1472 1099 qua
1504 1062 1581 1086 non

95 1118 227 1156 solum
251 1117 329 1155 sibi
358 1117 527 1162 nolenti,
555 1117 626 1154 sed
661 1116 786 1154 eciam
819 1115 1038 1167 plurimum
1071 1114 1289 1152 renitentiu
1327 1114 1583 1165 pontificatus

97 1186 313 1238 impositus
331 1186 466 1223 fuerat.
494 1185 608 1223 Misit
630 1192 668 1222 et
688 1185 802 1222 aliam
826 1184 1083 1235 legationem,
1107 1196 1256 1234 rogans
1280 1196 1413 1219 secum
1435 1181 1583 1219 firmari

97 1260 258 1303 pactum
279 1252 387 1303 quod
409 1264 497 1289 cum
520 1250 888 1302 predecessoribus
912 1250 995 1286 suis
1020 1250 1163 1286 sactum
1186 1256 1284 1293 erat,
1321 1248 1428 1298 quod
1456 1247 1582 1298 impe-

96 1326 207 1355 rator
228 1317 540 1368 prumptissime
564 1316 671 1354 fecit.
704 1316 821 1353 Feria
843 1315 982 1366 quinta
1001 1328 1098 1352 vero
1117 1328 1212 1351 cene
1233 1313 1411 1355 Domini,
1436 1326 1522 1349 cum
1546 1312 1583 1348 in

96 1385 346 1437 Aquisgrani
367 1385 592 1437 imperator
613 1386 661 1422 ab
684 1384 871 1431 ecclesia,
896 1392 1060 1436 peracto
1082 1382 1227 1427 officio,
1249 1382 1390 1426 exiret,
1426 1382 1499 1418 sub
1537 1393 1582 1417 eo

97 1450 242 1489 cecidit
263 1451 398 1488 subito
420 1451 604 1502 porticus
628 1464 716 1488 cum
747 1450 939 1495 tabulato,
977 1457 1015 1486 et
1052 1448 1195 1499 viginti
1221 1447 1404 1485 homines
1428 1460 1514 1483 cum
1538 1459 1583 1483 eo

98 1516 347 1562 ceciderunt,
372 1525 411 1554 et
432 1516 595 1567 quidam
611 1516 793 1568 graviter
814 1515 945 1552 affecti
968 1523 1074 1552 sunt.
1094 1514 1163 1551 Ille
1177 1526 1273 1551 vero
1298 1512 1490 1563 scapuliis
1509 1524 1580 1548 en-

100 1585 156 1622 sis
179 1598 258 1636 quo
292 1585 497 1623 accinctus
528 1593 614 1622 erat
650 1593 845 1623 contusus
886 1592 962 1630 est,
1004 1583 1112 1620 auris
1153 1583 1293 1619 dextra
1329 1579 1584 1632 imperatoris

97 1650 321 1695 vulnerata,
346 1652 475 1689 femur
495 1651 681 1689 dextrum
699 1649 812 1702 juxta
850 1649 1039 1701 inguinav
1068 1648 1268 1692 collisum,
1294 1647 1380 1691 sed,
1398 1645 1587 1683 instantia

99 1716 347 1754 medicorum
368 1729 550 1761 suorum,
575 1716 654 1754 cito
682 1715 899 1753 convaluit.
926 1714 1025 1752 Nam
1050 1713 1244 1751 vicesima
1265 1713 1344 1758 die,
1370 1711 1586 1749 Novioma-

99 1797 193 1835 gum
227 1793 373 1822 venatu
413 1798 456 1822 se
492 1784 687 1822 exercuit.
719 1784 837 1822 Unde
880 1795 1086 1829 reversus,
1126 1781 1354 1833 generalem
1401 1780 1586 1817 sinodum

99 1848 246 1900 Aquis,
271 1863 382 1887 more
405 1849 576 1895 habitox,
602 1849 754 1887 habuit.
781 1848 866 1891 Ubi
889 1849 1070 1890 abbates
1093 1846 1220 1906 regni
1243 1845 1309 1887 sui
1337 1843 1587 1886 convocavit

102 1930 145 1963 et
171 1930 218 1962 ut
239 1921 437 1981 regulam
471 1921 611 1962 sancti
648 1920 881 1962 Benedicti
921 1920 1210 1961 observarent
1248 1916 1504 1967 ammonuit,
1548 1925 1589 1957 et

103 1995 300 2037 abbatias
328 2012 482 2037 omnes
516 1996 561 2037 in
593 2012 668 2037 sua
704 2011 833 2036 manu
863 1993 1097 2044 revocavit,
1143 2002 1190 2034 ut
1220 2008 1347 2033 nemo
1382 1990 1587 2032 comitum

102 2065 170 2108 vel
193 2066 505 2124 episcoporum
528 2083 600 2108 eas
634 2066 882 2124 inquietare
914 2065 1148 2123 potuisset,
1187 2073 1230 2105 et
1268 2064 1447 2104 abbates
1476 2061 1590 2102 inter

105 2153 149 2179 se
196 2138 383 2195 quedam
424 2138 615 2195 capitula
661 2138 969 2189 decernentes,
1020 2135 1241 2192 descripta
1299 2133 1592 2175 recitaverunt

106 2228 252 2253 coram
284 2212 570 2270 imperatore,
609 2229 692 2270 que
724 2213 818 2270 ipse
854 2228 982 2253 manu
1022 2210 1200 2268 propria
1235 2207 1455 2250 roboravit
1495 2221 1590 2247 cum

107 2283 331 2340 episcopis
359 2284 435 2341 qui
457 2284 654 2325 aderant.
682 2284 725 2321 In
748 2285 889 2322 eodem
913 2291 1127 2328 conventu,
1151 2281 1273 2318 filiurn
1304 2293 1417 2317 suum
1446 2278 1591 2329 primo-

107 2354 289 2405 genitum
322 2354 556 2392 Lotharium
578 2354 787 2392 coronavit
802 2363 840 2392 et
873 2353 1034 2404 imperii
1065 2354 1127 2390 sui
1159 2352 1311 2389 socium
1344 2348 1591 2391 constituit&

111 2431 271 2461 ceteros
293 2436 413 2475 reges
436 2423 677 2475 appellatos,
700 2436 822 2460 unum
844 2422 1076 2474 Aquitanie,
1097 2421 1265 2458 alterum
1285 2417 1468 2469 Bajoarie
1499 2430 1594 2467 prc-

113 2489 222 2526 secit.
243 2488 455 2527 Conventu
471 2497 652 2540 peractO,
677 2501 765 2525 cum
787 2488 939 2539 Vosegi
955 2488 1098 2525 saltum
1125 2485 1298 2523 venandi
1327 2483 1455 2534 gratia
1481 2490 1594 2533 pete-

114 2561 191 2599 ret,
216 2553 359 2591 obvios
383 2553 522 2591 habuit
542 2553 698 2604 legatos
715 2552 864 2590 Leonis
888 2552 1144 2603 imperatoris
1167 2559 1205 2588 et
1226 2549 1411 2587 celeriter
1432 2546 1595 2584 absolu-

108 2629 172 2658 tos
188 2621 343 2658 dimisit
364 2635 452 2658 cum
474 2621 616 2672 gratia.
632 2620 856 2658 Nunciatur
877 2621 911 2657 ei
934 2620 1103 2657 desectio
1117 2617 1405 2656 Abodritorum
1428 2623 1465 2651 et
1481 2613 1596 2651 Salo-

115 2686 226 2732 miri;
246 2687 449 2724 mandavit
462 2686 693 2733 comitibus,
709 2686 777 2737 qui
791 2685 903 2737 juxta
919 2685 1078 2723 Albiam
1093 2685 1132 2722 in
1149 2682 1329 2735 presidio
1349 2680 1594 2721 residebant,

155 2828 184 2866 r)
219 2828 413 2869 Augerium
433 2829 469 2859 Ε,
489 2846 528 2850 -
551 2828 579 2868 s)
599 2827 732 2858 dimisit
746 2828 838 2859 E.-
854 2828 879 2868 t)
912 2838 1001 2857 nona
1022 2828 1060 2861 A,
1083 2826 1121 2856 D.
1140 2824 1224 2862 —u)
1256 2822 1395 2853 enitenti
1422 2824 1446 2852 A
1471 2822 1530 2857 ,D.
1561 2839 1599 2844 —-

120 2871 154 2911 v)
172 2870 359 2911 inguinum
383 2871 458 2901 loca
479 2871 520 2901 E.
542 2887 581 2893 -
601 2870 635 2910 x)
659 2869 758 2899 solito
783 2870 819 2906 E,
843 2870 879 2905 F,
902 2869 944 2902 G.
959 2886 996 2893 —
1017 2870 1051 2909 3')
1073 2867 1137 2898 sibi
1165 2865 1343 2896 constituit
1363 2865 1398 2900 E,
1425 2865 1457 2899 F,
1477 2865 1517 2895 G.

1354 2942 1370 2967 8
