1908 3256
686 329 801 354 Lmen
833 330 1006 356 thnrws
1515 328 1583 361 11¹.)

99 418 248 457 tot-iani
282 425 320 454 et
351 417 460 454 cives
490 417 935 470 Constantinopolitani
972 422 1145 458 feceruut
1181 423 1229 459 tle
1264 424 1353 473 ipso
1389 424 1583 461 Midum-1·-

99 485 401 535 imperatorem.
426 482 538 520 Tunc
564 483 826 525 Fortunatus.
851 486 1080 535 patriarcha
1109 487 1349 528 Gradcnsis.
1375 499 1582 525 insensatus

100 558 162 588 est
179 563 201 587 a
221 550 468 601 presbytero
490 549 656 586 Tiberio
678 552 783 601 apud
803 552 1103 602 imperatorem.
1126 553 1217 603 quia
1239 553 1469 591 hortaretur
1493 554 1583 590 Lis·-

100 616 294 654 dewitum
332 628 495 653 manere
518 615 557 652 in
594 616 778 666 perfidia,
822 626 860 654 et
896 618 989 668 quia
1010 618 1043 654 ei
1074 618 1324 655 ministrabat
1348 620 1519 656 artifice>-
1547 628 1582 656 et

101 681 304 719 murarios
321 689 361 719 et
379 679 598 718 munienda
619 682 796 718 castella.
818 681 1065 734 ldeojussus
1088 684 1297 720 estvenire
1313 685 1360 721 ad
1378 684 1581 734 palatium,

101 747 170 798 qui
191 746 327 798 primo
348 747 559 797 profectus
579 754 640 784 est
661 747 700 783 in
725 747 920 785 Histriam
941 748 1060 785 velud
1082 747 1304 799 jussionem
1328 749 1580 800 impleturus.

102 811 216 857 Inde,
253 811 443 849 simulato
467 812 616 868 reditu,
643 812 691 849 ad
715 812 893 850 Gradum
916 813 1114 850 civitatem
1138 814 1262 857 venit,
1287 813 1397 851 nullo
1420 827 1582 851 suorum

101 877 354 929 suspicante,
386 884 525 928 preter
560 890 630 915 eos
663 891 751 915 cum
783 878 931 929 quibus
963 878 1037 915 hoc
1067 887 1323 925 tractaverat,
1359 879 1450 915 inde
1483 879 1582 915 clam

101 942 312 994 navigavit
326 942 377 980 ad
391 941 594 987 -laderam‚
610 942 808 980 Dalmatie
825 943 1042 988 civitatem,
1056 951 1093 980 et
1108 943 1163 980 ibi
1176 943 1364 982 Johanni,
1381 945 1583 995 praesecto

99 1007 336 1060 provinciae
364 1006 491 1053 illius,
516 1009 609 1059 fuge
644 1021 714 1045 sue
737 1021 878 1045 causas
910 1009 1082 1059 aperuit.
1108 1009 1175 1059 qui
1204 1022 1291 1045 (eum
1326 1009 1457 1046 statim
1495 1010 1583 1046 navi

97 1073 336 1125 impositum
360 1072 759 1124 Constantinopolim
781 1073 904 1111 misit.
942 1073 1078 1111 Medio
1098 1087 1195 1111 vero
1214 1087 1350 1111 mense
1384 1074 1581 1114 octobrio,

99 1146 326 1177 conventus
347 1138 552 1190 generalis
570 1139 677 1189 apud
700 1138 934 1176 Theodonis
955 1139 1090 1176 villam
1113 1139 1339 1176 celebratus
1361 1139 1487 1183 est,in
1505 1153 1584 1189 qu«)

101 1203 334 1248 Lotharius,
361 1204 662 1256 primogenitus
686 1204 823 1241 domni
852 1204 1111 1255 imperatoris
1142 1204 1352 1249 Ludovici,
1385 1204 1584 1241 Ilermcn-

104 1270 289 1321 gardem,
308 1268 498 1321 Hugonis
521 1269 680 1307 comitis
702 1269 838 1314 filiam,
871 1270 1086 1321 sollempni
1110 1283 1221 1307 more
1257 1270 1370 1307 duxit
1403 1283 1581 1306 uxorem.

101 1335 187 1373 Illic
221 1348 310 1373 cum
346 1334 582 1372 muneribus
613 1335 830 1373 adfuerunt
855 1335 976 1386 legati
1003 1349 1106 1386 pape
1130 1335 1315 1381 Romani,
1347 1334 1584 1372 Theodorus

98 1400 360 1452 primicerius
382 1409 421 1439 et
442 1400 604 1438 Florus.
622 1400 852 1438 Adfuerunt
866 1409 902 1438 et
918 1401 1086 1438 comites
1103 1401 1151 1438 de
1168 1399 1582 1451 Pannoniaregressi‚

99 1466 169 1518 qui
190 1465 436 1518 depopulata
457 1467 714 1504 desertorum
750 1475 787 1504 et
808 1466 1025 1504 Liudewiti
1061 1466 1243 1517 regione,
1269 1479 1356 1503 cum
1378 1465 1510 1502 nullus
1527 1465 1584 1501 eis

98 1545 277 1584 pugnam
298 1531 521 1578 intulisset,
557 1533 720 1569 domum
743 1532 898 1570 reversi
921 1539 1028 1569 sunt.
1051 1531 1094 1569 In
1117 1531 1190 1568 hoc
1213 1531 1360 1582 placito
1376 1530 1584 1581 piissimus

99 1597 321 1649 imperator
336 1596 461 1649 jussit
482 1598 531 1635 ad
557 1611 600 1634 se
623 1598 763 1635 venire
785 1611 854 1635 eos
873 1598 940 1648 qui
967 1611 1054 1634 cum
1077 1596 1303 1636 Rex-nardo.
1327 1605 1473 1647 nepote
1496 1609 1582 1640 suo,

101 1661 412 1714 conjuraverant
444 1671 585 1701 contra
614 1672 733 1714 caput
767 1672 804 1700 et
850 1676 1020 1714 regnum
1055 1676 1186 1706 suum,
1224 1662 1370 1713 quibus
1401 1661 1520 1698 vitam
1552 1669 1589 1698 ct

101 1730 281 1766 membra
312 1729 559 1773 concedens,
591 1729 882 1780 possessiones
915 1728 1112 1779 pristinas
1134 1741 1211 1778 que
1239 1726 1392 1778 judicio
1420 1726 1523 1777 legis
1548 1726 1587 1762 in

99 1794 242 1832 fiscum
263 1794 426 1832 redacte
449 1802 564 1832 erant
585 1795 644 1832 eis
667 1794 859 1832 restituit.
883 1793 1132 1831 Adelardum
1164 1794 1364 1835 abbatem,
1389 1791 1437 1828 de
1459 1790 1588 1841 Aqui-

103 1859 226 1904 tania,
250 1859 320 1897 ubi
354 1859 558 1904 exulabat,
592 1868 816 1905 evocatum,
841 1859 1040 1897 abbatiam
1065 1871 1175 1896 suam
1199 1859 1233 1895 ei
1263 1857 1453 1903 restituit,
1472 1856 1512 1894 id
1533 1864 1592 1893 est

103 1924 443 1971 Corbeiam,cum
475 1939 555 1976 quo
577 1934 615 1962 et
646 1924 905 1964 Bernerium.
937 1925 1100 1962 fratrem
1133 1922 1235 1974 ejus,
1274 1922 1590 1965 reconciliatum,

104 1990 236 2028 eidem
263 1990 513 2028 monasterio
546 1990 738 2028 reddidit.
777 1988 1086 2041 Com'pletisque
1117 1988 1357 2026 utilitatibus
1389 1996 1426 2024 et
1457 2000 1591 2024 sacra-

104 2055 251 2094 mentis
279 2069 356 2107 que
377 2055 631 2107 Noviomago
645 2056 860 2093 obtimates
882 2055 1128 2107 generaliter
1156 2053 1403 2106 juraverant,
1439 2053 1591 2104 Aquis-

104 2122 221 2173 grani
243 2121 468 2172 imperator
489 2121 722 2159 revertitur.
748 2121 894 2158 Filium
917 2129 1046 2158 autem
1070 2119 1301 2157 Lotharium
1318 2128 1412 2169 post
1433 2118 1591 2168 nuptias

105 2186 346 2233 celebratas,
367 2187 417 2224 ad
438 2185 696 2223 hiemandum
724 2186 765 2223 in
791 2186 1057 2223 XYarmatiam
1081 2184 1203 2222 misit.
1234 2183 1294 2220 De
1316 2191 1428 2234 parte
1455 2182 1591 2219 Dano-

106 2265 196 2290 rum
217 2252 329 2290 nulla
349 2252 423 2290 suit
442 2252 612 2289 rebellio
633 2252 724 2303 ipso
746 2265 867 2298 anno,
892 2260 931 2289 et
952 2251 1130 2288 Eroldus
1152 2263 1173 2287 a
1193 2249 1285 2286 filiis
1320 2248 1529 2285 Godesridi
1552 2247 1591 2284 in

108 2317 345 2355 societatem
380 2317 498 2369 regni
523 2315 745 2368 receptus¹²
779 2326 853 2355 est.
891 2317 1126 2367 Ceadragus
1160 2328 1271 2360 vero,
1304 2314 1591 2351 Abodritorum

105 2382 318 2434 princeps,
337 2396 426 2420 cum
447 2382 541 2420 filiis
556 2382 768 2420 Godesridi
784 2396 866 2420 non
882 2384 984 2420 bene
997 2380 1109 2424 erat³‚
1127 2381 1216 2418 ideo
1236 2379 1422 2424 Salomir,
1438 2377 1592 2415 emulus

109 2446 214 2499 ejus,
239 2448 281 2485 in
319 2448 492 2500 patriam
515 2447 747 2485 remittitur.
779 2447 857 2495 Qui
891 2461 978 2485 cum
1012 2447 1051 2483 in
1074 2445 1286 2483 saxoniam
1321 2443 1591 2495 pervenisset,

111 2513 346 2564 egritudine
368 2513 858 2564 decubuit,pe1·cept0que
875 2511 1129 2563 baptismatis
1146 2518 1410 2551 sacramento,
1435 2509 1595 2545 defunc-

105 2585 172 2615 tus
195 2587 270 2616 est.
296 2578 408 2616 Tunc
442 2586 657 2615 autumnus
698 2578 833 2615 nimiis
849 2577 999 2629 pluviis
1021 2576 1238 2628 impeditus
1257 2583 1332 2618 est,
1356 2574 1417 2611 cui
1439 2573 1594 2622 hiemps

106 2643 226 2681 fortis
249 2643 463 2689 successit,
479 2643 623 2694 utipse
645 2642 810 2680 Hrenus
833 2651 871 2680 et
885 2642 1112 2687 Danubius,
1136 2640 1393 2683 etAlbius,et
1412 2638 1595 2688 Sequana

150 2785 188 2825 h)
207 2791 395 2858 ῧυεοερῑυε
442 2786 476 2819 F.
501 2785 541 2818 G.
563 2803 602 2809 —
634 2785 658 2825 i)
692 2787 789 2816 Deest
814 2784 932 2826 depuis
959 2785 993 2815 in
1022 2784 1216 2814 societatem
1242 2781 1380 2822 jusqu'a'
1412 2791 1477 2810 non
1510 2780 1593 2810 bene

112 2832 187 2857 erat
239 2852 246 2858 .
